3229 5225
1294 269 1382 336 33

79 461 202 518 rat.
317 447 646 518 Laeditur
699 448 876 517 enim
929 447 1064 516 hoc
1113 445 1514 517 succedendi
1567 446 1807 518 ordine
1882 449 2171 521 animus
2209 460 2581 545 paternus

77 567 250 659 ejus,
305 567 422 657 qui
475 566 741 659 regiam
793 576 1223 658 potestatem,
1279 588 1488 657 qnam
1537 567 1687 659 ipse
1735 575 1945 654 tenet,
1995 569 2065 637 in
2114 569 2331 637 filium
2367 581 2583 640 trans-

76 688 262 754 ferre
313 684 752 777 prohibetur.
854 686 1100 754 Nonne
1171 682 1556 754 Hunericus
1607 683 1701 752 -in
1773 688 2113 779 populum
2166 710 2245 755 ae
2295 689 2585 780 propiu-

77 827 254 895 quos
305 804 668 891 saeviebat,
721 814 798 874 ut
849 826 1171 873 coronam
1219 803 1368 871 filio
1413 802 1851 894 relinqueret,
1902 827 2081 896 quae
2115 828 2198 874 ex
2240 804 2589 876 Genserici

79 922 562 992 constitutione
611 947 748 992 non
798 925 944 993 filio
997 921 1378 1008 Hilderico,
1429 921 1551 991 sed
1600 922 1796 991 fratri
1821 921 2359 993 Gunthamundo
2400 947 2587 996 com·

77 1039 422 1134 petebat?
540 1045 814 1130 Quanta
864 1042 1178 1137 pericula
1227 1063 1312 1108 ex
1361 1041 1498 1112 hoc
1548 1052 1797 1111 conatu
1848 1041 2177 1112 Hunerici
2226 1043 2589 1136 illegitimo

77 1160 163 1228 ad
215 1159 572 1254 populum
623 1161 1093 1229 vandalorum
1143 1159 1712 1247 redundaverint,
1762 1183 1978 1254 supra
2028 1163 2483 1255 exposuimus.

282 1279 509 1350 Unica
576 1279 982 1349 succedendi
1048 1280 1224 1349 ratio
1277 1301 1362 1348 ex
1413 1257 1599 1349 omni
1673 1294 1873 1372 parte
1923 1280 2231 1373 perfecta
2282 1292 2383 1350 est
2421 1282 2591 1377 pri·

76 1421 188 1467 mo
193 1399 558 1492 genitura
576 1451 598 1486 ,
679 1421 858 1490 quae
929 1399 1420 1468 successionem
1469 1399 1540 1466 in
1589 1397 1925 1467 infinitum
1978 1397 2069 1467 de
2117 1409 2319 1490 patre
2370 1399 2459 1468 ad
2508 1401 2592 1468 ss-

78 1519 238 1585 lium
301 1519 745 1610 praescribit,
815 1529 1070 1588 certam
1121 1528 1529 1610 agnatorum
1580 1518 1823 1586 seriem
1876 1517 2217 1588 constituit
2267 1537 2391 1586 nee
2440 1539 2591 1588 um·

79 1661 285 1726 quam
341 1638 411 1704 in
463 1638 722 1706 incerto
773 1637 1100 1728 relinquit
1149 1636 1478 1706 heredem
1529 1636 1839 1730 legitime
1904 1647 2243 1706 vocatum.
2345 1637 2589 1707 Multis

76 1757 402 1847 periculis
453 1756 646 1824 factis
697 1779 776 1823 ac
825 1757 1038 1850 longa
1089 1758 1518 1826 saeculorum
1573 1755 2000 1847 experientia
2066 1754 2344 1826 demum
2393 1756 2587 1824 fami-

76 1877 210 1943 liae
260 1876 552 1946 illustres
623 1874 953 1968 optimam
1021 1874 1200 1942 hane
1270 1874 1679 1944 succedendi
1752 1876 2087 1945 rationem
2137 1875 2587 1966 adoptabant,

75 2018 252 2086 quae
303 2017 486 2064 nunc
535 1995 604 2062 in
661 1995 974 2064 omnibus
1024 1995 1252 2088 regnis
1325 2015 1404 2060 ac
1472 1993 1972 2084 principatibus
2051 1995 2425 2061 firmissima
2494 2004 2592 2060 est

78 2113 509 2184 successionis
559 2137 821 2184 norma.
