3229 5225
15 7 90 438 -,,-,Ἲ

1902 273 1985 340 40

2040 364 2103 376 ‘-

698 474 854 598 quatt=
897 451 1560 573 Hauericot‘Genserici
1605 450 1730 511 filio
1766 449 1999 529 juncta,
2044 451 2209 527 prius
2256 451 2495 526 quidem
2538 455 2705 512 tanto
2748 454 3017 534 conjugio
3056 454 3163 513 lae-

693 545 824 599 tare
849 559 925 598 ur
927 580 1201 599 .....

867 649 970 701 70.
1019 641 1092 699 ln
1155 637 1508 699 definiendis
1571 638 1667 697 his
1726 636 2086 697 succedendi
2148 635 2340 696 modis
2386 656 2575 716 paene
2618 657 2823 700 omnes
2866 642 3163 718 scriptores

697 727 1113 786 consentiunt:
1157 726 1603 797 Miller-maier,
1649 723 2027 782 Grundsatze
2044 722 2151 782 des
2194 721 2252 780 d.
2298 724 2371 782 P.
2416 725 2495 783 R.
2517 723 2600 797 11,
2645 727 2677 801 5
2739 734 2883 786 45⁰.
2932 746 2991 802 p.
3037 733 3158 788 558.
3209 781 3210 786 ,

699 812 967 884 Gerber,
999 812 1236 885 System
1281 809 1387 867 des
1433 807 1490 866 d.
1537 808 1608 867 P.
1656 809 1735 868 R.
1798 809 1845 883 §.
1894 814 2043 869 275.
2089 808 2439 882 Eia-lehem,
2481 807 2831 888 Einleitung
2872 811 3073 889 indas
3112 810 3159 868 d.
3209 819 3210 872 J

693 897 768 957 P.
808 897 884 954 R.
929 898 978 972 §.
997 901 1140 956 370.
1194 897 1408 972 Geor-9
1427 894 1716 953 Mic-leae!
1736 893 1976 966 Weber,
2021 891 2393 952 Lehenrecht
2413 895 2517 966 IV,
2546 914 2607 970 p.
2634 903 2864 956 1-77.
2908 907 2968 954 υ.
2992 895 3162 956 Salza
3208 967 3210 970 Α

695 983 1080 1055 lie-Menan,
1123 979 1320 1041 Lehre
1363 997 1480 1036 von
1506 977 1643 1057 „den
1684 977 2205 1038 Fideicommissen
2250 998 2312 1055 p.
2357 985 2717 1040 126-149.

866 1089 969 1141 71.
1016 1081 1119 1140 Sic
1163 1081 1226 1138 in
1267 1078 1442 1138 domo
1488 1079 2013 1158 wirtembergensi
2058 1083 2299 1156 pactum
2340 1081 2767 1161 Munsingense
2810 1081 2871 1140 «1.
2918 1101 2978 1142 a.
3024 1089 3160 1142 1482

695 1167 1004 1227 constituit
1060 1165 1136 1224 ob
1199 1164 1444 1223 eandem
1502 1183 1781 1224 caussam
1838 1165 2205 1224 senioratum
2261 1183 2373 1225 nec
2428 1168 2981 1246 primogenituram.
3022 1169 3158 1227 Her-

694 1271 885 1311 mann
930 1250 1228 1324 schulze,
1284 1249 1482 1309 Recht
1545 1248 1654 1308 der
1696 1249 2054 1328 Erstgeburt
2090 1269 2150 1328 p.
2196 1255 2323 1310 28⁵
2368 1271 2538 1327 seqq.
2624 1253 2881 1312 Pactum
2924 1253 3157 1330 ejusdem

693 1339 948 1396 naturae
991 1337 1146 1394 inter
1187 1336 1450 1412 quatuor
1491 1334 1647 1393 filios
1672 1335 1875 1414 Magni
1917 1335 2000 1394 11.
2047 1335 2109 1392 in
2152 1334 2327 1393 domo
2360 1337 2801 1397 Brnuswicensi
2830 1339 2889 1396 d.
2918 1333 3153 1402 ajam.

693 1435 757 1500 p.
804 1428 950 1482 279.
999 1420 1135 1480 Alia
1181 1420 1450 1497 exempla
1495 1423 1917 1479 enumerantur
1960 1421 2022 1478 in
2066 1419 2274 1478 eodem
2316 1420 2471 1480 libro
2514 1443 2579 1499 p.
2624 1429 2755 1484 324
2798 1443 2964 1500 seqq.
3022 1423 3156 1481 Ean-

693 1507 830 1566 dem
873 1507 951 1564 ob
995 1525 1269 1564 caussam
1331 1506 1663 1584 postgeniti
1707 1505 2151 1563 indroductioni
2196 1507 2703 1584 primogeniturae
2744 1512 3047 1582 tamquam
3084 1509 3155 1564 in-

693 1592 990 1652 stitutioni
1051 1593 1422 1667 perniciosae
1483 1590 1667 1665 („der
1724 1589 2107 1668 Einfn'ihrung
2164 1591 2324 1648 eines
2374 1592 2661 1667 fremden,
2720 1593 2858 1652 dem
2899 1595 3153 1652 Fiirsten-

693 1676 908 1736 stande
927 1674 1490 1747 hochscha'idlichen,
1535 1675 1893 1753 ungleichen
1926 1673 2051 1734 und
2092 1675 2423 1754 unbiltigen
2438 1677 3152 1758 PrimogeniturwesenS.“

690 1762 946 1821 Pactum
987 1759 1240 1818 fratrum
1295 1761 1598 1819 Saxonum
1657 1759 2111 1818 Vimariensium
2154 1759 2213 1818 d.
2262 1779 2315 1821 a.
2382 1764 2577 1841 1629)
2643 1783 2711 1822 se
2770 1765 3152 1842 opposuerunt

691 1845 1118 1918 lubentiusque
1179 1863 1414 1921 semper
1485 1847 1847 1921 acceperunt
1905 1845 2271 1904 senioratum
2290 1889 2309 1919 ,
2376 1865 2556 1922 quam
2616 1851 3150 1928 primogenituram:

692 1929 1034 2008 „Jederzeit
1074 1927 1190 1988 soll
1233 1928 1366 1988 dem
1411 1929 1810 1988 aeltisten
1852 1929 2056 1988 Herrn
2098 1929 2247 1990 oder
2287 1931 2513 2008 Vester,
2558 1937 2722 1993 ohne
2761 1938 3012 2013 einiyen
3047 1934 3151 1993 Un-

693 2015 1013 2077 terschied
1053 2015 1168 2073 der
1209 2015 1443 2077 Linien
1461 2057 1480 2089 ,
1523 2015 1763 2074 solcher
1802 2016 2112 2086 Principat
2152 2017 2544 2096 aufgetragen
2590 2019 2901 2078 werden.“
2964 2020 3030 2078 In
3068 2036 3149 2076 eo-

691 2101 826 2161 dem
869 2109 1048 2178 pacto
1091 2099 1150 2158 d.
1197 2119 1251 2159 a.
1301 2106 1486 2161 1629.
1529 2100 1729 2159 Recht
1769 2099 1878 2159 der
1918 2100 2275 2180 Erstgeburt
2317 2121 2377 2178 p.
2424 2110 2571 2163 325.

861 2226 964 2282 72.
1010 2221 1340 2279 Hermann
1384 2218 1683 2293 schulze,
1727 2217 1836 2277 das
1889 2219 2087 2278 Recht
2149 2219 2257 2279 der
2314 2221 2601 2302 Erbfolge
2643 2223 2705 2282 iu
2748 2222 2866 2282 den
2907 2221 3151 2284 fiirstlich

691 2304 1635 2364 Sinzendorfisch-Reussischen
1702 2303 2568 2370 Fideicommissherrschaften
2610 2307 3013 2388 Haggenberg
3048 2305 3151 2366 und

688 2387 1090 2463 Ernstbrunn‚
1137 2395 1321 2462 1859,
1362 2409 1426 2466 p.
1472 2395 1575 2450 80.
2753 2394 2758 2399 “

859 2496 964 2554 73.
1008 2489 1322 2550 Heinrich
1365 2490 1581 2568 ΖόμΙῖ,
1626 2489 1913 2550 deutsche
1952 2493 2529 2573 Rechtsgeschichte
2571 2515 2631 2572 p.
2677 2491 2829 2558 779?
2870 2497 2951 2574 (§.
2998 2497 3146 2570 113).

861 2615 963 2670 74.
1010 2609 1080 2669 In
1127 2606 1446 2669 multorum
1491 2606 1851 2686 populorum
1906 2611 2159 2672 historia
2201 2614 2449 2693 vestigia
2490 2616 2823 2675 senioratus
2869 2614 3149 2675 inveniun-

690 2697 825 2768 tur,
867 2694 972 2752 ubi
1013 2696 1175 2773 regis
1218 2693 1483 2753 defuncti
1525 2694 1713 2754 frater
1755 2696 1885 2773 ejus
1929 2698 2115 2757 filium
2160 2698 2438 2759 excludit.
2552 2699 2647 2759 Ita
2689 2701 2855 2777 apud
2896 2702 3147 2761 Parthos

691 2778 1064 2839 Mithridates
1109 2781 1185 2838 ad
1227 2798 1476 2859 regnum
1520 2782 1813 2857 pervenit.
1902 2781 2125 2840 Justini
2170 2784 2307 2843 hist.
2356 2785 2423 2843 L.
2473 2791 2553 2844 41
2581 2828 2599 2859 ,
2657 2803 2711 2844 c.
2758 2792 2818 2848 5.
2868 2785 3146 2859 „Phraha-

689 2868 803 2939 tm,
847 2884 1014 2924 more
1055 2866 1248 2943 gentis
1265 2866 1436 2925 heres
1457 2868 1649 2945 regni,
1684 2865 1941 2927 decessit
1980 2869 2195 2927 multis
2232 2868 2389 2945 filiis
2424 2871 2689 2945 relicti-5,
2734 2872 2961 2949 quibus
2984 2889 3147 2945 prae·

696 2952 907 3019 teritis
943 2948 1144 3025 fratri
1179 2952 1572 3025 potissimum
1617 2953 1989 3011 Mithridati
2026 2954 2285 3031 reliquit
2346 2956 2737 3029 ἰηψιεητίιηιέ6
2786 2988 2867 2999 --
2952 2954 3145 3015 Similis

693 3034 1052 3094 succedendi
1118 3035 1275 3092 ratio
1338 3033 1400 3092 in
1469 3034 1666 3110 Syria
1727 3036 1989 3096 valuisse
2043 3037 2283 3097 videtur
2343 3040 2495 3098 teste
2548 3037 2787 3103 Justino
2830 3040 2901 3101 L.
2946 3046 3047 3114 84,
3082 3044 3145 3098 3:

693 3120 1064 3197 „Antiochus
1109 3115 1381 3192 decedit,
1444 3119 1656 3179 relicto
1714 3122 1963 3197 parvulo
2008 3121 2325 3182 admodum
2384 3123 2530 3198 filio,
2573 3130 2831 3202 patruus
2875 3127 3004 3204 ejus
3043 3125 3145 3183 De-

691 3208 940 3267 mettius
959 3249 978 3282 ,
1064 3206 1168 3281 qui
1245 3204 1418 3264 obses
1498 3205 1727 3264 Romae
1793 3209 1954 3281 erat,
2036 3208 2275 3287 cognita
2356 3214 2551 3269 morte
2610 3210 2896 3270 Antiochi
2974 3210 3145 3271 fratris

693 3296 964 3352 senatum
1007 3292 1186 3360 adiit:
1254 3289 1530 3365 „Dimitti
1590 3292 1775 3370 igitur
1816 3310 1882 3351 se
1924 3291 2001 3350 ad
2042 3312 2293 3372 regnum
2350 3294 2677 3372 petendum
2720 3314 2980 3370 aequum
3020 3312 3145 3364 esse,

693 3380 861 3456 quod
899 3379 1096 3437 sicuti
1122 3376 1280 3454 jure
1315 3380 1601 3455 =qentium
1644 3376 1877 3454 majori
1910 3376 2113 3453 fratri
2149 3382 2447 3454 cesserit,
2516 3384 2608 3439 ita
2664 3400 2837 3441 nunc
2878 3384 3019 3457 sibi,
3056 3379 3146 3457 qui

686 3463 1000 3539 pupillum
1063 3469 1272 3521 aetate
1330 3463 1704 3536 antecedat,
1764 3460 2033 3521 deberi.“
2077 3489 2158 3507 ε-
2242 3464 2438 3523 Etiam
2500 3465 2660 3543 apud
2716 3466 3147 3547 Langobardos

692 3563 812 3604 non
854 3564 1091 3621 semper
1133 3545 1320 3605 tilium
1362 3548 1549 3623 patris
1591 3565 2005 3607 successorem
2050 3547 2247 3623 fuisse,
2275 3552 2532 3609 testatur
2590 3551 2849 3629 Procop.
2898 3553 2973 3613 de
3012 3548 3143 3608 bello

695 3628 950 3687 Gothico
993 3628 1127 3702 111,
1171 3634 1286 3687 35:
1375 3626 1879 3714 Λαγγοβαρδῶν
1927 3624 2193 3715 Ουάκης
2228 3628 2468 3717 ’ρχειν
2529 3655 2607 3719 ην
2652 3633 2751 3711 τίς
2793 3634 2855 3697 οἱ
2900 3625 3145 3718 ἀνεψιὸς

688 3706 1091 3797 Ῥισιοῢλρος
1135 3702 1384 3797 ὄνομα,
1431 3706 1504 3774 ὃν
1553 3706 1631 3797 δὴ
1682 3712 1712 3776 ὁ
1761 3709 1985 3800 νόμος,
2044 3711 2196 3779 ἐτι-αι
2234 3714 2319 3799 ᾀν
2367 3708 2639 3805 Οὗάκης
2678 3717 3142 3804 τελευτήσειεν,

695 3788 797 3859 ἐπὶ
842 3788 969 3883 τὴν
1015 3790 1380 3894 ἡγερξονίαν
1428 3791 1691 3862 ἐκάλει.
1750 3798 2125 3885 προνοήσας
2182 3800 2297 3865 οὖν
2344 3792 2612 3889 Οὗάκης
2670 3798 2851 3883 ὅπως
2910 3806 2993 3884 εἷς
3046 3795 3140 3866 τὸν

693 3878 902 3947 παῖδα
951 3873 1068 3945 τὸν
1117 3878 1331 3943 αυτοῦ
1379 3876 1422 3964 ἡ
1471 3874 1658 3968 ἁρχὴ
1708 3874 2025 3967 ὅτ”γονι-ο.ιι
2069 3920 2154 3933 --·
2237 3889 2503 3949 Eandem
2548 3894 3034 3953 consuetudinem
3070 3894 3144 3947 te·

691 3974 886 4030 statur
926 3968 1087 4047 apud
1133 3970 1408 4029 Hunno-s·
1448 3968 1713 4029 Nic-etas
1760 3970 2102 4032 Cleoniates·
2144 3973 2219 4034 de
2282 3976 2559 4035 Manuele
2601 3977 2671 4037 L.
2717 3978 2824 4053 lv,
2868 3998 2919 4039 c.
2970 3987 3025 4054 1,
3060 3971 3144 4049 (111i

689 4057 954 4116 nominat
996 4073 1114 4114 non
1157 4053 1386 4129 filium,
1427 4054 1534 4113 sed
1576 4054 1822 4115 fratrem
1862 4057 2023 4135 regis
2068 4058 2331 4119 defuncti
2385 4061 2591 4121 Iazaez
2670 4052 2799 4137 „cbg
2840 4059 3039 4146 δῆθεν
3080 4054 3148 4129 εἰς

690 4134 916 4228 ἀρχὴν
963 4128 1495 4227 δικαιὺομενον.“
1539 4173 1619 4184 ·-
1665 4140 1831 4216 Mos,
1890 4144 1994 4217 qui
2039 4144 2205 4204 Livio
2250 4149 2402 4205 teste
2446 4148 2861 4222 antiquissimo
2906 4153 3146 4225 tempore

689 4226 852 4303 apud
892 4224 1175 4287 Numidas
1219 4226 1446 4298 valuit,
1521 4226 1698 4285 etiam
1739 4225 1934 4286 medio
1984 4247 2130 4288 aevo
2176 4229 2339 4305 apud
2380 4232 2651 4293 lilanros
2692 4252 2765 4291 ac
2806 4232 3145 4295 Saracenos

687 4312 1044 4388 Hispanicos
1089 4310 1540 4384 observabatur,
1583 4330 1657 4371 ex
1680 4330 1799 4387 quo
1840 4311 2057 4373 fratres
2097 4315 2353 4391 praelati
2396 4321 2537 4376 sunt
2594 4318 2735 4377 filiis
2777 4318 2855 4377 ad
2896 4322 3144 4394 tempora

686 4394 1108 4456 Abderamani.
1150 4395 1423 4456 Mariana
1445 4394 1584 4461 hist,
1672 4396 1997 4473 Hispaniae
2040 4398 2108 4457 L.
2133 4406 2239 4475 29,
2282 4418 2331 4460 c.
2382 4408 2481 4463 22.
2531 4402 2599 4463 L.
2628 4411 2687 4464 7.
2733 4421 2783 4463 c.
2818 4410 2929 4473 193
2977 4400 3147 4479 „Cor-
