3229 5225
1930 220 1971 282 2

708 403 1120 498 ostrogothi
1210 399 1380 468 nihil
1467 400 1759 468 sanctius
1824 397 2211 483 habebant,
2318 419 2523 488 quam
2591 397 2856 491 regiam
2924 395 3181 488 stirpe]

708 525 1107 594 Amalorum
1133 571 1153 604 ‚
1225 519 1424 588 Jorn.
1494 517 1585 586 de
1654 517 1861 592 rebus
1932 515 2188 586 Geticis
2268 515 2387 584 13.
2510 516 2725 609 Apud
2800 513 3181 609 visigoth«

710 645 956 736 „origo
982 639 1262 710 mirifica
1281 660 1364 706 ex
1384 660 1640 730 genere
1664 635 2152 722 Baltharum‚“
2170 636 2669 722 celebrabatur,
2691 635 2890 706 Jorn.
2908 657 3076 726 cap.
3096 632 3181 702 2!

711 763 900 856 apud
953 757 1452 852 Langobardos
1503 756 1887 849 „prosapia
1937 755 2471 849 Gungingorum
2540 755 2938 848 generosior
2991 753 3183 824 habe

718 883 992 968 batur‚“
1043 879 1245 947 Paul.
1279 877 1472 944 Diae.
1499 875 1556 962 l,
1576 876 1678 944 14.
1732 876 1965 967 Reges
2014 874 2575 968 Anglosaxonum
2626 875 2963 967 originem
3016 893 3183 964 rep«

716 1003 954 1070 tebant
978 1023 1015 1064 a
1041 996 1382 1080 lindam,
1433 1015 1701 1064 summo
1734 1004 1805 1062 et
1836 993 2129 1064 maximo
2154 993 2483 1062 Deorum.
2532 993 2807 1078 Heruli,
2861 991 3183 1082 Procopi

713 1128 885 1187 teste
909 1167 930 1204 ‚
1003 1117 1268 1206 legatos
1319 1114 1390 1180 in
1441 1111 1959 1185 Scaudinaviam
2031 1113 2354 1182 miserunt
2376 1161 2399 1199 ‚
2469 1123 2549 1182 ut
2596 1113 2739 1182 illic
2791 1120 3183 1205 prognatum

715 1259 799 1306 ex
821 1234 1147 1326 sanguine
1185 1232 1382 1324 regio
1433 1235 1776 1328 „aspar-os·
1818 1235 1941 1302 τοῦ
1981 1231 2395 1317 βασιλείουις
2431 1242 2857 1322 quaererent,
2896 1231 3019 1320 qui
3056 1229 3185 1322 ipsi

715 1355 806 1423 ad
856 1349 1295 1438 obtinendam
1347 1350 1608 1444 regiam
1662 1359 2073 1442 potestatem
2121 1351 2301 1420 solus
2332 1363 2537 1444 aptus
2570 1350 2793 1442 eaque
2826 1349 3081 1442 dignus
3119 1351 3185 1416 vi

713 1474 1012 1557 deretur,
1081 1472 1382 1562 Procop.
1435 1469 1526 1540 de
1575 1470 1764 1538 bello
1816 1469 2035 1542 Goth.
2086 1471 2195 1557 11,
2254 1469 2375 1540 15.
2480 1470 2741 1542 Tantus
2816 1479 2965 1538 erat
3030 1491 3185 1560 apu

717 1613 949 1672 omnes
982 1590 1484 1662 Germanorum
1517 1591 1818 1660 nationes
1870 1589 2104 1683 regiae
2153 1589 2447 1658 familiae
2498 1591 2715 1660 cultus
2764 1612 2847 1656 ac
2896 1609 3185 1656 reveren

719 1712 837 1779 tia.
891 1707 1239 1801 Sanguine
1292 1709 1487 1801 regio
1540 1709 1903 1801 prognatis
1942 1708 2061 1800 jus
2113 1717 2259 1776 erat
2308 1707 2733 1795 succedendi,
2786 1730 2909 1776 nec
2938 1705 3065 1775 ulli
3104 1727 3187 1774 ex

720 1841 958 1898 traueo
1007 1850 1216 1896 coron
1225 1850 1335 1898 am
1401 1827 1689 1920 adipisci
1763 1829 2013 1898 licebat
2034 1878 2055 1914 ,
2134 1828 2369 1920 aliquo
2457 1827 2821 1920 superstite
2889 1849 2975 1894 ex
3027 1826 3187 1918 regi

717 1947 955 2039 stirpe.
1061 1945 1176 2014 Sic
1241 1943 1664 2035 Jornandes‚
1739 1947 2135 2018 Gothorum
2204 1947 2467 2040 regiam
2516 1946 2801 2039 stirpem
2852 1946 3187 2016 celebrans

719 2068 1096 2136 exclamat:
1168 2065 1543 2153 „Quisnam
1595 2067 1685 2136 de
1733 2068 1983 2138 Amalo
2034 2066 2402 2152 dubitaret,
2454 2067 2511 2134 si
2560 2078 2853 2136 vacasset
2906 2065 3186 2161 (regem

719 2187 982 2278 eligere
1005 2185 1069 2254 !“
1102 2177 1134 2222 ³

927 2302 1188 2394 Agnito
1241 2313 1469 2370 autem
1521 2304 1659 2370 hoc
1712 2303 1915 2372 totius
1969 2304 2203 2394 regiae
2256 2301 2551 2371 familiae
2584 2299 2770 2394 jure
2800 2301 3189 2371 succedendi

729 2421 920 2492 ordo
973 2418 1374 2488 succedendi
1426 2421 1690 2489 ratione
1740 2421 1939 2489 firma
1992 2431 2059 2490 et
2093 2421 2497 2491 immutabili
2532 2445 2665 2490 non
2698 2422 3027 2492 stabilitus
3054 2431 3189 2489 erat

729 2539 874 2608 Sed
925 2539 1288 2608 constituto
1339 2561 1492 2610 cum
1569 2539 1764 2633 regia
1842 2548 2181 2632 potestate
2238 2538 2402 2635 jure
2468 2541 2883 2610 hereditario
2904 2591 2924 2628 ‚
3003 2551 3190 2621 tame

722 2661 838 2750 jus
891 2658 1187 2751 eligendi
1241 2662 1510 2751 populo
1561 2683 1697 2729 non
1752 2660 1959 2751 plane
2010 2672 2157 2730 erat
2206 2662 2577 2731 ademtum.
2664 2660 2949 2731 Sacrum
3000 2673 3071 2729 et
3120 2662 3191 2729 in

731 2779 1055 2845 violabile
1106 2780 1420 2849 remansit
1461 2779 1578 2873 jus
1634 2780 1869 2872 regiae
1909 2779 2240 2863 familiae3
2292 2782 2399 2849 cui
2435 2791 2659 2849 tamen
2694 2804 2778 2849 ex
2810 2784 2943 2851 hac
2971 2782 3191 2851 famili

733 2896 1228 2967 succedendum
1282 2909 1490 2985 esset,
1569 2922 1707 2967 non
1770 2909 1961 2969 certo
2030 2900 2455 2971 successionis
2506 2902 2745 2969 ordine
2798 2913 2945 2970 erat
2994 2900 3191 2967 defini

737 3028 906 3103 tum,
959 3015 1080 3085 sed
1128 3017 1430 3109 populus
1482 3018 1943 3110 dignissimum
1994 3020 2123 3088 sibi
2176 3043 2258 3089 ex
2312 3021 2623 3089 omnibus
2672 3019 2907 3113 regiae
2938 3018 3191 3090 familia

739 3136 1045 3205 masculis
1099 3134 1425 3227 eligebat.
1476 3138 1693 3229 Apud
1745 3136 2125 3207 Germanos
2174 3138 2387 3230 igitur
2408 3138 2527 3230 jus
2560 3140 3044 3209 hereditarium
3076 3164 3191 3209 cut

737 3256 1066 3325 electione
1119 3254 1214 3322 ita
1267 3266 1368 3325 est
1417 3256 1887 3349 conjunctum,
1966 3267 2045 3327 ut
2114 3258 2305 3329 haud
2376 3259 2713 3328 immerito
2780 3258 3191 3349 antiquissim

741 3374 1239 3443 Germanorum
1294 3399 1508 3468 regna
1561 3376 2398 3449 hereditaria-electicia
2472 3379 2901 3449 nominentur
2918 3368 2976 3447 ⁶.
3076 3378 3191 3448 «lar

743 3494 1019 3563 Tacitus
1072 3494 1372 3562 breviter
1421 3496 1676 3567 indicat
1725 3498 1903 3565 hanc
1934 3497 2233 3588 eligendi
2266 3498 2596 3568 rationem
2629 3499 2736 3569 his
2758 3498 3025 3569 verbis:
3076 3522 3191 3585 „re

743 3634 866 3701 ges
918 3632 1000 3677 ex
1052 3611 1408 3680 nobilitate
1459 3620 1805 3685 sumunt-‘⁸
1854 3616 2191 3686 Nobilitas
2243 3616 2522 3707 quidem
2577 3642 2837 3690 summa
2888 3640 2969 3685 ac
3016 3616 3191 3708 prim

745 3729 816 3796 in
865 3736 1008 3795 tota
1060 3730 1330 3799 natione
1379 3732 1424 3801 i.
1474 3756 1536 3801 e.
1591 3755 1676 3801 ex
1726 3743 1935 3824 gente
1984 3736 2177 3826 regia
2218 3736 2421 3829 origo
2470 3748 2572 3807 est
2628 3734 3026 3809 succedendi
3080 3758 3191 3801 cor

747 3846 918 3915 ditio
967 3870 1046 3915 ac
1102 3848 1614 3921 fundamentum
1635 3902 1655 3937 ‚
1732 3852 1852 3921 sed
1918 3865 2211 3925 sumunt
2277 3857 2652 3948 populares
2714 3874 2797 3919 ex
2848 3850 2979 3917 hac
3028 3865 3191 3941 gent

747 3990 928 4053 eum,
982 3990 1188 4057 quem
1241 3970 1576 4059 optimum
1632 3981 1703 4040 et
1755 3971 2171 4043 utilissimum
2224 3974 2507 4044 habent.

955 4088 1113 4173 Qua
1165 4089 1426 4156 ratione
1474 4090 1565 4157 ab
1605 4090 1797 4159 initio
1832 4093 1901 4160 in
1925 4091 2425 4161 Germanorum
2461 4089 2688 4179 regnis
2728 4086 2847 4179 jus
2896 4088 3191 4161 heredita

749 4206 924 4275 rium
975 4207 1210 4300 regiae
1259 4206 1553 4277 familiae
1606 4234 1757 4279 cum
1812 4210 2145 4281 electione
2173 4208 2421 4303 populi
2457 4206 2893 4302 conjunctum
2916 4208 3017 4297 sit,
3067 4233 3191 4281 nun

753 4324 984 4412 paucis
1037 4326 1665 4399 demonstrabimus.
