3229 5225
1292 277 1370 339 19

72 455 198 522 nisi
249 461 506 520 certum
562 451 792 517 locu-m
841 452 910 516 iu
967 463 1372 541 agnatorum
1441 453 1620 520 serie
1662 451 2023 544 insignire
2076 453 2243 520 vult.
2351 453 2562 537 Quod

71 595 156 640 ex
207 569 650 662 sequentibus
703 567 1012 659 eiusdem
1082 570 1436 660 scriptoris
1508 569 1737 638 verbis
1794 569 1961 638 satis
2016 580 2294 660 apparet
2318 623 2336 654 ‚
2412 571 2563 660 qui-

69 693 204 760 bus
253 692 402 779 ipse
453 689 836 757 senioratus
889 687 1198 757 ordinem
1264 690 1690 758 strictissime
1745 689 2099 758 describit:
2172 690 2335 778 „qui
2410 688 2559 755 aliis

73 810 530 898 superviveret
603 806 856 884 seniori
932 829 1062 876 suo
1131 808 1332 877 fieret
1399 832 1699 902 sequens
1764 809 2127 878 successor
2199 819 2268 876 et
2318 827 2563 876 rursus

85 931 147 997 ei
196 927 534 1017 posterior
601 925 826 1019 ejus.“

273 1045 390 1115 Ob
426 1069 574 1114 eam
628 1046 832 1114 etiam
881 1067 1198 1114 caussam
1225 1045 1572 1114 Genserici
1607 1047 2005 1116 constitutio
2057 1043 2431 1135 majoratus
2464 1045 2569 1111 in·-

69 1165 620 1254 terpretatiouem
669 1185 806 1230 nou
857 1163 1170 1251 admittit,
1224 1166 1386 1255 quia
1437 1165 1508 1233 in
1558 1165 1899 1256 majoratu
1950 1165 2162 1249 filius,
2216 1164 2338 1254 qui
2388 1181 2573 1232 sem·

73 1308 194 1372 per
241 1283 414 1373 patri
465 1281 692 1375 gradu
743 1284 1096 1370 proximus
1151 1294 1281 1368 est,
1337 1307 1573 1354 omnes
1611 1295 1929 1377 agnatos,
1983 1284 2295 1374 quamvis
2350 1293 2571 1353 aetate

70 1401 392 1494 majores,
448 1399 767 1470 excludit.
827 1399 1252 1500 contrariam
1289 1413 1516 1472 autem
1551 1404 1865 1495 regulam
1902 1425 1987 1470 ex
2021 1402 2367 1471 Genserici
2402 1423 2570 1468 con-

73 1523 420 1592 stitutione
469 1520 794 1606 valuisse,
845 1519 1136 1590 historia
1187 1521 1412 1589 docet.
1466 1522 1888 1590 Hunericum
1940 1521 2118 1588 enim
2151 1543 2389 1611 regem
2435 1539 2573 1587 nou

69 1639 460 1708 Hildericus
509 1639 714 1724 filius,
771 1639 899 1706 sed
950 1639 1551 1726 Gunthamundus,
1605 1651 1899 1731 agnatus
1952 1637 2173 1731 gradu
2225 1639 2569 1726 remotior,

69 1759 262 1824 annis
302 1769 528 1828 autem
553 1756 794 1848 major,
851 1777 936 1825 ex
958 1758 1306 1827 Geuserici
1345 1759 1829 1829 constitutione
1863 1771 2145 1828 secutus
2198 1769 2330 1844 est,
2384 1758 2573 1847 quod

68 1876 267 1943 nullo
322 1874 530 1947 modo
581 1897 661 1942 ex
713 1882 1128 1964 majoratus,
1203 1878 1329 1945 sed
1383 1899 1464 1946 ex
1519 1879 1907 1947 senioratus
1961 1877 2305 1966 principiis
2358 1880 2574 1966 repeti
2637 1925 2642 1931 -

65 2003 324 2083 potest.

1222 2286 1294 2369 §-
1350 2282 1422 2350 8.

186 2413 291 2471 DE
353 2411 723 2487 CAUSSIS‚
789 2413 1086 2488 QUIBUS
1151 2413 1596 2473 COMMOTUS
1673 2411 2179 2472 GENSERICUS
2238 2410 2458 2470 HUNC

503 2531 926 2590 SUCCEDEN
932 2532 1019 2591 DI
1063 2532 1436 2592 ORDINEM
1496 2530 2138 2604 INTRODUXERIT.

274 2704 448 2772 Cum
499 2726 626 2772 nos
696 2704 906 2772 hodie
957 2706 1024 2772 iu
1077 2706 1393 2774 omnibus
1464 2706 1698 2798 regnis
1768 2728 1847 2771 ac
1897 2704 2385 2793 principatibus
2438 2708 2570 2794 pri·

65 2825 566 2915 mogenituram
587 2876 606 2907 ,
663 2832 1011 2913 tamquam
1078 2826 1400 2913 optimam
1474 2822 1882 2913 succedendi
1948 2844 2251 2891 normam
2270 2874 2289 2910 ,
2358 2826 2577 2893 iutro-

65 2944 344 3011 ‹luctam
395 2942 770 3029 videamus,
825 2938 1240 3032 quaerimuS,
1297 2968 1419 3014 cur
1453 2944 1857 3014 Gensericus
1912 2962 2053 3010 non
2101 2924 2281 3011 hanc
2334 2966 2573 3014 succe-

62 3062 274 3130 dendi
325 3062 680 3153 rationem,
733 3062 860 3131 sed
911 3064 1324 3134 senioratum
1353 3066 1443 3133 -iu
1481 3064 1735 3133 familia
1772 3086 1899 3133 sua
1939 3061 2393 3131 stabiliverit?
2443 3063 2578 3132 Et-

77 3183 140 3249 si
195 3183 422 3270 primo
494 3192 779 3269 aspectu
847 3180 984 3249 hoc
1055 3183 1410 3253 Genserici
1496 3194 1931 3272 praeceptum
1980 3182 2226 3249 mirum
2278 3178 2569 3265 videtur,

61 3314 295 3369 tamen
345 3302 722 3369 accuratius
774 3300 1196 3389 inquirentes
1265 3305 1464 3373 facile
1531 3286 1815 3370 caussas
1885 3297 2339 3388 intelligimus
2361 3346 2381 3381 ,
2454 3318 2576 3365 cnr

58 3418 364 3513 magnus
424 3418 888 3489 vandalorum
940 3442 1064 3488 rex
1117 3422 1326 3490 alium
1362 3418 1765 3489 succedendi
1798 3416 2105 3485 ordinem
2157 3416 2575 3484 constituere

9 3556 16 3561 ·
57 3564 294 3629 neque
344 3539 636 3606 voluerit
687 3556 912 3629 neque
962 3542 1302 3629 potuerit:

283 3657 364 3743 1)
427 3656 948 3749 Antiquissimis,
989 3661 1437 3751 temporibuS‚
1501 3657 1753 3748 quibus
1796 3658 2094 3745 populus
2124 3658 2196 3723 in
2248 3655 2571 3747 eligendo

55 3798 238 3867 rege
308 3775 594 3844 multum
671 3779 985 3864 valebat,
1065 3779 1577 3867 praeferebatur
1646 3775 1835 3845 haud
1886 3798 2042 3844 raro
2096 3784 2416 3845 strenuus
2469 3786 2569 3843 at·
2692 3820 2697 3824 -

57 3918 202 3983 que
255 3895 455 3963 fortis
509 3896 731 3991 ultimi
782 3898 963 3990 regis
1015 3897 1224 3965 frater
1303 3899 1456 3966 filiis
1527 3901 1680 3983 ejus
1760 3893 2265 3984 impuberibus.
2371 3892 2583 3999 Istud·

53 4014 276 4103 igitur
329 4016 712 4083 senioratus
767 4016 1190 4104 principium,
1247 4039 1386 4103 quo
1439 4015 1623 4085 filius
1676 4034 1813 4079 non
1849 4034 2123 4101 semper
2171 4021 2435 4100 patrem
2472 4031 2568 4076 se·

51 4134 331 4222 quitur,
385 4134 476 4201 ab
528 4134 884 4203 hodiernis
957 4132 1366 4210 succedendi
1417 4129 1763 4220 principiis
1817 4130 2253 4197 vehementer
2304 4127 2567 4196 abhor-

48 4270 242 4338 rens,
299 4254 524 4345 magis
579 4264 1107 4323 consentaneum
1163 4262 1312 4320 erat
1361 4250 1799 4338 antiquorum
1859 4248 2373 4316 Germanorum.
2418 4268 2569 4314 mo·

43 4371 280 4441 ribus.
345 4372 664 4470 Maximi
715 4382 828 4443 est
860 4372 1220 4459 momenti,
1272 4372 1472 4464 quod
1499 4368 1939 4453 Gensericue
1990 4366 2149 4459 ipse
2184 4388 2277 4434 ex
2318 4366 2569 4436 eodem

2138 4488 2223 4543 2*
