3229 5225
1913 273 1997 338 16

684 449 800 541 jus
851 447 1252 520 succedendi
1303 447 1769 518 concedebant
1785 437 1878 517 ⁶³.
1987 449 2197 536 Quod
2264 451 2355 520 ad
2426 450 2720 524 filiarum
2780 450 2897 542 jus
2964 473 3199 522 succe-

693 568 900 638 dendi
951 569 1230 646 adtinet.
1285 567 1582 638 diversos
1643 567 2142 640 Germanorum
2197 570 2493 664 populos
2544 571 2809 642 diversa
2862 571 3197 663 principia

693 689 782 757 ab
831 689 1022 756 initio
1073 697 1339 758 secutos
1391 711 1555 775 esse,
1612 690 1747 757 alio
1798 689 1955 758 loco
2008 692 2293 782 exposui
2314 680 2408 758 ⁶⁶.

843 808 931 899 3)
985 807 1212 900 Origo
1265 829 1360 876 ex
1409 808 1713 900 aequali
1760 807 2233 878 matrimonio
2252 860 2273 898 ,
2329 831 2508 899 quae
2562 807 2773 878 hodie
2812 806 2985 901 juris
3042 833 3191 878 suc-

689 915 974 996 cedendi
1021 927 1324 996 conditio
1373 949 1515 996 esse
1563 928 1743 996 solet
1763 975 1784 1010 ,
1839 949 1882 994 a
1932 926 2299 998 Genserico
2354 950 2501 996 non
2550 928 2942 1018 requiritur.
3054 929 3191 996 Nec

690 1048 938 1116 mirum
989 1045 1128 1115 hoc
1175 1044 1482 1130 videtur,
1535 1067 1689 1114 cum
1741 1045 1873 1114 illis
1922 1047 2351 1137 temporibus
2370 1096 2390 1133 ‚
2441 1047 2511 1116 in
2563 1049 2751 1116 nulla
2804 1047 3189 1116 Germano-

687 1188 842 1234 rum
893 1165 1090 1256 regia
1140 1166 1394 1233 familia
1411 1215 1430 1251 ,
1503 1174 1690 1232 certa
1758 1164 2097 1255 principia
2148 1163 2236 1234 de
2288 1166 2685 1255 aequalibus
2752 1167 3189 1234 matrimoniis

685 1285 1012 1353 valerent.
1118 1284 1554 1374 Quamquam
1628 1305 1899 1375 semper
1950 1294 2021 1352 et
2070 1285 2329 1375 ubique
2396 1286 2823 1354 matrimonia
2872 1309 3033 1354 cum
3085 1309 3187 1354 re-

683 1425 854 1496 gum
903 1403 1172 1472 filiabus
1223 1403 1504 1496 regibus
1555 1398 1801 1494 majori
1868 1402 2053 1471 laudi
2108 1412 2315 1492 atque
2364 1403 2613 1472 honori
2664 1414 2891 1474 erautz
2960 1417 3185 1474 tamen

683 1545 1117 1613 nequaquam
1169 1523 1360 1613 apud
1413 1523 1733 1608 Francos,
1790 1519 2293 1614 ostrogothos,
2345 1521 2745 1615 visigothos
2766 1575 2785 1612 ,
2842 1524 3185 1593 vandalos

683 1642 881 1710 liberi
934 1665 1020 1709 ex
1070 1643 1284 1712 minus
1337 1642 1681 1708 nobilibus
1734 1641 2060 1708 uxoribus
2082 1689 2101 1725 ,
2172 1663 2257 1708 ne
2310 1665 2392 1708 ex
2444 1643 2831 1712 concubinis
2882 1643 3181 1732 quidem,

682 1783 725 1827 a
775 1760 970 1850 regni
1024 1761 1436 1828 successione
1485 1779 1759 1849 semper
1812 1758 2347 1828 excludebantur
2372 1751 2463 1829 ⁶⁷.
2560 1761 2660 1832 Ut
2712 1760 3181 1830 Theodericus

681 1878 1002 1970 Magnus,
1054 1903 1176 1948 rex
1229 1876 1841 1970 ostrogothorum,
1897 1899 1981 1944 ex
2030 1878 2347 1946 Erelieva
2378 1881 2777 1966 concubina,
2828 1880 2921 1948 sic
2976 1883 3179 1949 etiam

683 1997 1086 2067 Gensericus
1139 2022 1222 2066 ex
1275 1998 1519 2065 ancilla
1572 2005 1719 2064 erat
1787 2004 1982 2066 natus
2000 1985 2091 2064 σε.
2164 1998 2323 2066 Duo
2377 2009 2636 2068 tantum
2713 1999 3177 2068 vandalorum

676 2140 912 2209 reges,
983 2117 1365 2188 Hunericus
1419 2127 1486 2185 et
1539 2115 2097 2185 Thrasamundus
2116 2167 2135 2201 ‚
2214 2141 2366 2186 cum
2418 2118 2687 2186 filiabus
2738 2141 2983 2210 regum
3042 2145 3176 2188 ma-

676 2237 996 2306 trimonio
1063 2237 1406 2328 conjuncti
1476 2246 1667 2304 erant
1684 2226 1792 2320 ⁶⁹,
1882 2236 2089 2302 ceteri
2156 2236 2505 2305 habebant
2582 2259 2825 2306 uxores
2894 2241 3175 2332 originis

671 2357 974 2448 ignotae.
1025 2354 1297 2423 Eodem
1346 2362 1573 2421 autem
1614 2351 1778 2444 jure
1827 2352 2228 2422 succedendi
2278 2355 2673 2446 gaudebant
2706 2379 2937 2452 omnes
2986 2359 3175 2426 Gen·

671 2475 860 2542 serici
911 2473 1190 2542 masculi
1242 2471 1753 2554 descendentes,
1823 2472 2009 2539 nulla
2068 2482 2393 2543 matrum
2446 2476 2722 2567 originis
2772 2477 3010 2545 habita
3064 2503 3174 2545 ra-

673 2592 879 2661 tione.
983 2589 1192 2678 Quod
1260 2591 1472 2685 igitur
1542 2588 1925 2681 Gregorius
1996 2591 2408 2663 Turonensis
2461 2594 2545 2680 V,
2590 2594 2716 2664 21.
2787 2594 2877 2665 de
2924 2619 3175 2689 regum

669 2712 1094 2783 Francorum
1143 2711 1374 2781 liberis
1439 2708 1833 2803 praedicat,
1904 2710 2108 2779 etiam
2178 2712 2265 2783 de
2317 2713 2783 2785 vandalorum
2832 2721 3210 2809 progenie

673 2832 893 2901 valet:
3208 2796 3210 2884 ¹

874 2950 1470 3045 „praetermissis
1519 2973 1711 3021 nunc
1762 2949 2163 3047 generibus
2191 2950 2697 3045 seminarum,
2751 2952 2933 3046 regis
2984 2956 3175 3025 voci-

667 3079 899 3140 tantur
951 3069 1174 3155 liberi,
1229 3071 1347 3162 qui
1401 3070 1491 3138 de
1543 3070 1825 3161 regibus
1883 3072 2136 3139 fuerint
2185 3073 2599 3162 procreati.“
3206 3072 3208 3166 1

1713 3359 2110 3369 ffl—

1862 3618 1882 3637 .
1943 3571 2014 3639 7.
3202 3626 3204 3641 .

717 3692 827 3752 DE
871 3693 1178 3755 ORDINE
1223 3696 1738 3757 SUCCEDENDI
1780 3574 1890 3759 1351(
1934 3698 2589 3761 CONSTITUTIONE
2635 3698 3100 3761 GENSERICI.
3202 3642 3204 3730 Χ

866 3898 1042 3973 Cum
1097 3901 1412 3971 omnium
1466 3900 1815 3971 Genserici
1890 3900 2434 3971 descendentium
2518 3899 2968 3972 masculorum
3043 3905 3185 3995 jus

656 4020 1056 4090 succedendi
1105 4021 1234 4089 hac
1285 4023 1754 4091 constitutione
1802 4021 2127 4093 sancitum
2178 4032 2381 4107 esset,
2458 4042 2678 4111 eaque
2744 4020 2906 4112 lege
2959 4044 3175 4113 prae.

654 4139 860 4233 cipue
909 4140 978 4209 id
1027 4149 1469 4233 spectaretur,
1519 4150 1598 4211 ut
1648 4141 2037 4212 indivisum
2086 4162 2375 4231 regnum
2408 4151 2940 4227 conservaretur,
2992 4165 3170 4232 pru-

653 4258 838 4331 denti
905 4262 1058 4355 regi
1108 4261 1313 4331 etiam
1381 4259 1554 4331 ordo
1620 4271 1842 4333 certus
1914 4260 2309 4331 statuendus
2374 4270 2556 4346 erat,
2631 4282 2773 4350 quo
2840 4282 3011 4329 unus
3084 4287 3167 4331 ex

653 4380 962 4449 omnibus
1011 4381 1118 4451 his
1171 4384 1435 4474 agnatis
1487 4384 1554 4452 in
1607 4383 1847 4473 quovis
1900 4402 2055 4451 casu
2106 4378 2596 4473 designaretur,
2650 4382 2771 4469 qui
2819 4378 2999 4447 solus
3059 4403 3159 4449 es-

3196 4500 3198 4576 4
