3229 5225
1127 790 1456 910 imnsx.

2421 1263 2558 1330 rag.
2666 1239 2675 1246 ι

63 1372 114 1444 9.
166 1376 218 1428 1.
305 1369 396 1428 De
438 1370 672 1428 ratione
715 1369 1075 1428 succedendi
1121 1369 1181 1426 in
1224 1369 1645 1444 antiquissimis
1694 1369 2129 1428 Germanorum
2164 1370 2383 1446 regnis.
2524 1375 2556 1428 1

57 1525 108 1596 ᾗ.
159 1527 214 1580 2.
302 1521 394 1580 De
440 1522 844 1580 vandalorum
889 1521 1028 1578 fatis
1075 1539 1402 1596 eorumque
1461 1523 1652 1598 stirpe
1714 1524 1881 1599 regia
1939 1527 2078 1581 ante
2128 1541 2390 1597 occupa-

359 1641 580 1698 tionem
627 1639 884 1699 Africae.
977 1687 996 1704 .
1173 1683 1186 1697 .
1365 1683 1380 1697 .
1560 1684 1576 1698 .
1753 1683 1769 1699 .
1943 1681 1960 1698 .
2136 1683 2153 1700 .
2330 1683 2343 1696 .
2524 1647 2561 1698 7

55 1797 111 1867 §.
155 1798 213 1852 8.
300 1791 393 1850 De
438 1791 782 1850 fundatione
825 1794 994 1870 regni
1042 1793 1350 1850 Vandalici
1397 1794 1454 1851 in
1505 1793 1723 1851 Africa.
1830 1837 1844 1852 .
2022 1841 2038 1858 .
2216 1835 2231 1850 .
2412 1835 2426 1849 .
2486 1799 2561 1852 1⁰

55 1947 109 2025 §.
157 1953 216 2005 4.
306 1944 400 2015 De,
441 1943 672 2022 legibus
721 1944 1143 2002 vandalorum.
1347 1991 1360 2005 .
1535 1986 1550 2001 .
1730 1987 1743 2002 .
1922 1988 1935 2001 .
2115 1987 2128 2001 .
2315 1988 2329 2001 .
2475 1949 2545 2002 11

61 2083 142 2174 §.⁸
170 2105 226 2156 5.
317 2097 409 2155 De
454 2096 589 2174 lege
633 2097 1030 2155 successionis
1073 2116 1108 2153 a
1154 2096 1481 2154 Genserico
1529 2096 1928 2173 promulgata.
2020 2136 2033 2152 .
2217 2138 2229 2152 .
2409 2137 2423 2151 .
2482 2101 2556 2154 14

55 2254 104 2325 ξ.
153 2257 213 2308 6.
300 2249 393 2308 De
429 2249 568 2325 jure
607 2249 965 2308 succedendi
1011 2268 1080 2306 ex
1139 2249 1562 2306 constitutione
1626 2250 1957 2307 Genserici.
2134 2291 2150 2305 .
2329 2288 2345 2305 .
2486 2253 2559 2304 15

57 2405 113 2479 §.
162 2409 220 2462 ⁷.
312 2401 406 2460 De
451 2401 658 2461 ordine
704 2401 1061 2462 succedendi
1111 2421 1179 2459 ex
1222 2403 1652 2460 constitutione
1698 2401 2035 2465 Genserici.
2212 2443 2227 2458 .
2406 2442 2421 2456 .
2479 2407 2554 2458 16

51 3256 98 3326 §.
136 3258 238 3311 11.

51 3407 98 3479 ς.
133 3410 236 3463 12.

51 3556 261 3614 Notae.

211 2597 226 2612 .
313 2555 407 2614 De
451 2557 718 2629 caussiS,
789 2555 1002 2631 quibus
1047 2558 1374 2615 commotus
1420 2555 1778 2615 Gensericus
1823 2555 1982 2614 hunc
2028 2554 2389 2612 succedendi

363 2673 630 2732 ordinem
673 2674 1087 2733 introduxerit.
1301 2716 1316 2731 .
1497 2717 1510 2731 .
1692 2716 1707 2731 .
1884 2713 1902 2733 .
2079 2717 2093 2731 .
2275 2716 2289 2730 .
2479 2679 2553 2731 ts

302 2826 396 2887 De
439 2828 916 2903 postgenitorum
960 2830 1124 2886 statu
1169 2826 1496 2886 secundum
1543 2826 1854 2885 Genserici
1901 2828 2403 2885 constitutionem.
2473 2832 2558 2884 22

224 3022 240 3038 .
300 2978 370 3039 In
417 2981 708 3053 quantum
754 2978 1060 3039 Genserici
1104 2942 1448 3039 constitutio
1497 2981 1554 3039 in
1599 2980 1974 3057 singulorum
2011 2996 2217 3058 regum
2256 2998 2390 3038 suc-

360 3099 722 3157 cessionibus
769 3099 1084 3158 observata
1128 3099 1325 3159 fuerit.
1546 3141 1561 3156 .
1742 3142 1758 3156 .
1939 3141 1955 3157 .
2133 3142 2146 3155 .
2330 3138 2344 3152 .
2478 3102 2558 3155 2³

305 3250 732 3311 Controversia
776 3252 931 3310 inter
973 3251 1372 3311 Justinianum
1422 3254 1480 3308 ct
1527 3250 1906 3309 Gelimerem.
2038 3296 2051 3310 .
2228 3290 2243 3305 .
2421 3290 2435 3304 .
2482 3254 2565 3307 28

309 3380 406 3461 De
450 3404 508 3459 vi
554 3406 738 3476 atque
784 3403 998 3462 effectu
1044 3404 1488 3463 constitutionis
1535 3403 1862 3461 Genserici.
1956 3442 1972 3461 .
2148 3443 2165 3459 .
2341 3441 2356 3458 .
2488 3406 2565 3459 31

2201 3596 2216 3611 .
2307 3560 2563 3615 34—42
