3229 5225
1134 790 1276 995 ’§.
1341 893 1404 960 1.

69 1030 172 1088 DE
215 1027 570 1090 RATIONE
629 1023 1148 1087 SUCCEDENDI
1192 1025 1932 1101 INsANTIQUISSIMIS
1988 1026 2565 1092 GERMANORUM

1141 1145 1466 1205 REGNIS.

261 1370 537 1440 Tacitus
557 1421 578 1456 ,
646 1379 914 1440 nostrae
981 1370 1394 1460 antiquitatis
1467 1369 1708 1439 doctus
1778 1380 1847 1438 et
1896 1368 2281 1462 intelligens
2334 1373 2563 1444 existi-

57 1500 311 1575 mator,
377 1489 528 1580 jam
577 1512 701 1558 suo
768 1500 1084 1582 tempore
1151 1489 1498 1581 duplicem
1573 1511 1653 1557 ac
1722 1489 2055 1558 diversam
2121 1489 2562 1560 Germanica-

51 1633 204 1680 rum
255 1610 600 1680 civitatum
651 1609 941 1678 formam
991 1610 1331 1677 observat.
1386 1608 1759 1702 Distinguit
1812 1608 1991 1676 enim
2042 1621 2330 1702 „gentes
2382 1633 2563 1700 quae

51 1738 424 1818 regnantur
445 1733 494 1769 ‘⁶
565 1729 656 1796 ab
723 1729 800 1796 iis
853 1727 1272 1814 civitatibuS,
1349 1749 1528 1818 quae
1594 1751 1793 1821 reges
1862 1751 1999 1796 non
2069 1728 2367 1815 habent,
2440 1727 2563 1798 sed

44 1848 144 1914 ‚ab
202 1847 426 1913 electis
481 1846 904 1936 principibus
974 1847 1486 1938 gubernantur,
1559 1845 1795 1916 Germ.
1852 1871 2007 1940 cap.
2040 1847 2168 1917 25.
2238 1850 2397 1918 Non
2452 1859 2562 1916 ta-

49 1989 212 2032 men
267 1964 458 2054 apud
514 1963 894 2034 Germanos
944 1965 1136 2056 regia
1187 1975 1495 2056 potestas
1568 1965 1869 2033 libertati
1921 1967 2170 2057 populi
2225 1968 2562 2034 contraria

45 2095 222 2170 erat,
258 2106 383 2150 nec
418 2084 700 2176 regibus
741 2083 1011 2150 infinita
1061 2107 1140 2150 ac
1189 2083 1408 2150 libera
1447 2092 1749 2175 potestas
1769 2073 1823 2149 ².
1876 2083 2037 2150 «Iam
2080 2094 2308 2152 autem
2345 2107 2563 2174 quae-

43 2203 248 2285 ritur,
302 2202 470 2292 quid
537 2203 798 2271 intersit
848 2202 1025 2270 inter
1074 2225 1320 2296 regum
1352 2211 1766 2294 potestatem
1799 2186 1893 2270 vet
1945 2201 2339 2294 principum
2397 2203 2561 2272 illo·-

43 2344 202 2391 rum
253 2319 740 2390 autoritatem?

254 2440 478 2508 Taciti
529 2438 958 2532 temporibus
1009 2439 1362 2508 discrimen
1413 2439 1631 2509 minus
1690 2439 1952 2530 majore
2003 2440 2357 2532 potestatis
2410 2463 2559 2510 am-

43 2559 386 2653 plitudine
409 2609 430 2647 ,
503 2582 682 2650 quae
747 2558 1028 2652 regibus
1087 2560 1452 2652 competit,
1525 2582 1737 2650 quam
1805 2560 2159 2653 potestatis
2210 2583 2438 2631 caussa
2490 2575 2559 2633 et

43 2679 489 2749 fundamento
542 2678 946 2747 continetur.
1050 2678 1467 2773 Eligantur
1537 2680 1716 2747 enim
1786 2680 2135 2773 principes
2192 2704 2233 2747 a
2283 2682 2557 2775 populo

43 2801 118 2867 iis
173 2799 244 2863 in
297 2798 700 2875 civitatibus,
753 2797 876 2865 ubi
905 2798 1099 2890 regia
1132 2808 1434 2890 potestas
1484 2798 1787 2867 nondum
1840 2809 1939 2867 est
1989 2808 2268 2891 recepta
2286 2790 2339 2868 ³.
2412 2800 2555 2869 Re-

43 2942 165 3013 ges
220 2928 448 2985 autem
479 2914 664 3009 jure
717 2916 1174 2987 hereditario
1228 2928 1639 3010 potestatem
1690 2918 1999 2989 obtinent
2017 2908 2073 2986 4.
2128 2920 2319 3005 Quos
2344 2918 2555 2987 Taci-

43 3050 148 3107 tus
205 3037 654 3129 „principes“
707 3044 928 3122 vocat,
983 3037 1179 3106 electi
1230 3046 1382 3105 sunt
1435 3035 1865 3129 magistratus
1886 3088 1920 3124 ‚.
1984 3060 2281 3128 quorum
2330 3046 2555 3107 totum

43 3158 146 3243 ius
223 3165 294 3223 et
361 3156 722 3225 auctoritas
790 3156 1108 3224 mandato
1183 3156 1626 3247 popularium
1693 3156 1968 3239 nititur3
2060 3179 2259 3248 reges
2328 3167 2555 3224 autem

43 3274 393 3369 prodeunt
445 3298 530 3343 ex
579 3276 776 3369 regia
823 3274 1079 3343 familia
1119 3274 1284 3367 jure
1333 3274 1774 3343 hereditario.
1830 3274 2126 3361 Quando
2162 3274 2337 3340 enim
2362 3274 2555 3366 apud

43 3395 426 3463 ‘jermanos
493 3394 601 3461 vir
649 3405 958 3463 strenuus
999 3392 1090 3459 acl
1128 3392 1362 3483 regiae
1416 3392 1771 3481 potes-tatis
1821 3390 2167 3484 fastigium
2219 3392 2553 3484 pervenit,

43 3523 111 3582 nt
167 3510 653 3579 Maroboduus
703 3511 878 3579 inter
913 3510 1454 3595 Marcomannos,
1519 3531 1655 3575 non
1705 3508 1833 3577 sibi
1883 3510 2032 3595 soli,
2089 3510 2209 3579 sed
2256 3511 2552 3584 familiae

44 3654 198 3701 uae
253 3629 657 3722 dignitatem
707 3651 1036 3698 summam
1087 3628 1396 3719 acquirit,
1465 3627 1609 3697 Ubi
1660 3628 1899 3721 igitur
1950 3651 2217 3724 reges,
2288 3630 2388 3700 ibi
2440 3640 2549 3700 et·-

43 3774 182 3823 am
237 3771 432 3845 gens
483 3750 708 3844 regia
732 3800 753 3835 ,
804 3748 984 3817 inter
1033 3748 1293 3816 nobiles
1346 3748 1755 3817 nobilissima
1803 3747 2081 3817 familia.
2150 3750 2257 3819 Ita
2291 3772 2551 3819 summa

43 3870 472 3939 ‘eneratione
537 3868 726 3960 apud
777 3868 1304 3936 Marcomannos
1356 3880 1426 3936 et
1480 3867 1763 3954 Quados
1816 3869 2173 3937 colebatur
2245 3868 2547 3955 „nobile

43 3988 460 4059 marobodui
530 3999 599 4056 et
651 3986 874 4055 Tudri
929 4010 1142 4079 genus
1160 3990 1230 4072 ,“
1285 3986 1456 4054 Tac.
1510 3986 1753 4054 Germ.
1807 3986 1949 4069 423
2005 3987 2099 4057 ita
2151 3996 2549 4056 creaverunt

43 4108 287 4177 ⁴*ranei
338 4130 540 4199 reges
611 4106 746 4193 „de
822 4108 1046 4197 prima
1097 4113 1168 4171 et
1218 4116 1295 4172 ut
1345 4104 1440 4171 ita
1509 4104 1732 4172 dicam
1800 4106 2119 4173 nobiliori
2187 4104 2546 4174 Merovin-

43 4248 287 4317 sorum
356 4225 700 4311 familia,“
755 4225 1056 4318 Gregor.
1101 4224 1170 4291 T
1171 4246 1368 4292 uron.
1423 4223 1511 4309 11,
1566 4225 1641 4309 9,
1694 4223 1789 4289 ita
1862 4223 2091 4290 ferunt
2158 4222 2541 4315 „chlogio-

51 4370 206 4431 em,
267 4354 430 4413 tunc
452 4344 933 4413 nobilissimum
980 4346 1048 4411 in
1091 4367 1209 4413 sua
1249 4353 1475 4435 gente,
1531 4363 1768 4435 regem
1795 4341 2221 4409 Francorum
2269 4342 2558 4411 fuisse.“'

2088 4464 2119 4517 1
