3229 5225
519 4148 522 4151 ’
634 4131 850 4219 datus,
902 4132 1092 4202 nulla
1143 4130 1276 4199 alia
1325 4132 1608 4220 ratione,
1665 4156 1873 4224 quam
1928 4132 2241 4203 indiviso
2294 4132 2505 4202 unius
2554 4132 2767 4226 regis
2816 4130 3151 4222 imperio,
3195 4158 3196 4161 ¹

1873 245 1949 312 14

671 429 960 522 jecturis
1009 425 1400 519 supplendo
1419 475 1438 506 ‚
1511 423 1705 518 quod
1754 435 2145 518 temporum
2216 422 2463 518 injuria
2513 425 2833 514 abolevit,
2888 426 2975 496 ad
3034 450 3171 496 eam

679 550 894 618 solam
941 545 1426 616 constitutionis
1473 553 1747 638 partem
1798 563 1977 613 nunc
2040 543 2475 636 respiciamus
2494 597 2516 631 ,
2594 567 2774 636 quae
2824 569 2867 614 a
2915 546 3196 616 Ptoou-9

677 668 800 759 pio
851 665 1122 754 tradita,
1176 662 1524 735 Genserici
1573 671 1947 758 praecepta
1997 661 2087 732 de
2136 662 2335 758 regni
2384 664 2801 736 successione
2850 667 3196 760 continet}

1713 881 2139 894 m*-

1878 1139 1897 1160 .
1953 1090 2026 1160 5.

743 1179 750 1184 ·
800 1221 910 1284 DE
953 1220 1167 1282 LEGE
1211 1220 1783 1284 SUCCESSIOMS
1822 1095 1883 1283 Ξ
1929 1222 2387 1284 GENSERICO
2448 1222 3034 1285 PROMULGATA.

875 1396 976 1466 Ut
1023 1395 1216 1487 apud
1289 1418 1518 1465 omnes
1589 1396 2091 1467 Germanorum
2159 1397 2501 1490 populos,
2576 1396 2671 1464 sic
2740 1397 2939 1466 etiam
2994 1389 3196 1468 inter*

669 1513 1012 1585 Vandalos
1081 1515 1273 1584 initio
1333 1515 1454 1607 jus
1519 1515 2007 1587 hereditarium
2074 1539 2231 1585 cum
2299 1515 2629 1585 electione
2701 1516 2949 1608 populi
3000 1539 3164 1586 con-

660 1631 982 1725 junctum
1033 1643 1206 1702 erat.
1260 1633 1402 1703 Sed
1456 1637 1805 1726 occupatis
1856 1636 2327 1704 Romanorum
2376 1632 2765 1725 provinciiS‚
2822 1657 2997 1726 quae
3034 1658 3165 1727 pro

667 1750 1081 1843 patrimonio
1133 1753 1469 1823 victorum
1521 1751 1959 1823 habebantur
1979 1805 1999 1842 ‚
2066 1753 2295 1846 regnis
2346 1752 2847 1822 Germanorum
2896 1754 2967 1820 in
3018 1756 3164 1823 solo

665 1870 985 1938 Romano
1043 1871 1327 1952 conditis
1378 1873 1570 1965 regia
1621 1883 1925 1964 potestas
1972 1883 2111 1942 tam
2162 1873 2568 1964 augebatur,
2620 1881 2698 1939 ut
2732 1871 2973 1940 electio
3034 1896 3161 1964 po-

665 1990 817 2082 puli
869 1990 1086 2084 magis
1137 1990 1438 2085 magisve
1489 2002 1939 2062 evanesceret.
1994 1990 2171 2061 Cum
2223 2013 2543 2084 proceres
2595 1989 2855 2080 ubique
2910 1990 2981 2057 in
3040 1993 3161 2060 eli-

661 2109 900 2202 gendis
966 2111 1250 2203 regibus
1304 2135 1634 2181 summam
1656 2155 1663 2158 -
1684 2113 2154 2181 auctoritatem
2204 2109 2652 2179 exercuissent
2669 2158 2690 2194 ‚
2762 2109 3159 2178 Gensericns

661 2238 821 2320 post
871 2228 1046 2299 illud
1095 2230 1464 2298 nobilitatis
1515 2231 1873 2317 excidium,
1926 2229 2117 2318 quod
2159 2227 2853 2313 commemoravimus,
2906 2229 3161 2298 audere

659 2349 908 2438 potuit,
961 2357 1040 2417 ut
1088 2369 1379 2439 regnum
1419 2348 1866 2417 Vandalicum
1916 2349 2169 2416 faceret
2206 2369 2393 2416 mere
2428 2345 2939 2417 hereditarium.
2989 2347 3160 2416 Mea

658 2464 936 2554 quidem
987 2466 1316 2534 sententia
1332 2517 1351 2554 ,
1421 2489 1575 2534 cum
1640 2465 1857 2538 fracta
1923 2467 2254 2535 nobilium
2307 2466 2743 2559 oppositione
2792 2467 3161 2536 arctissime

657 2583 979 2654 cohaeret
1031 2581 1334 2677 ejusdem
1383 2585 1566 2679 regis
1618 2586 1726 2655 lex
1779 2587 2200 2673 successoria,
2253 2608 2393 2679 qua
2424 2584 2542 2678 jus
2595 2586 2891 2678 eligendi
2944 2587 3157 2678 plane

655 2704 1068 2793 antiquatur.
1121 2703 1265 2773 Sed
1322 2704 1651 2775 electione
1701 2707 1949 2799 populi
2003 2706 2281 2791 abolita,
2337 2728 2584 2775 omnes
2632 2705 2757 2773 filii
2805 2705 2989 2797 regis
3028 2708 3159 2775 de-

654 2821 870 2893 functi
923 2822 1172 2893 eodem
1213 2824 1378 2916 jure
1428 2825 1847 2895 hereditario
1898 2825 2203 2918 gaudere
2250 2825 2655 2894 videbantur
2674 2878 2693 2909 ,
2750 2826 2845 2893 ita
2896 2834 2974 2893 ut
3028 2826 3149 2895 di-

651 2940 832 3009 visio
904 2943 1104 3035 regni
1172 2944 1408 3011 evitari
1481 2945 1911 3033 nequivisset.
2012 2945 2128 3013 Sic
2176 2946 2248 3012 in
2296 2944 2721 3013 Francorum
2785 2940 3060 3036 populo
3118 2928 3196 3013 a}

653 3059 1078 3131 chlodovaei
1141 3044 1458 3154 temp-ore
1523 3084 1817 3155 regnum
1907 3063 2336 3132 dividebatur
2404 3064 2581 3131 inter
2648 3064 2863 3149 filios,
2958 3062 3196 3155 quasi}

647 3182 882 3275 regiae
931 3181 1226 3251 familiae
1275 3181 1759 3275 patrimonium
1782 3171 1876 3251 ⁶¹.
1964 3182 2129 3251 Sine
2197 3182 2411 3252 dubio
2462 3184 2669 3251 talem
2721 3181 2916 3275 regni
2972 3180 3159 3251 divi-
3195 3184 3196 3269 ff

645 3300 900 3372 sionem
951 3310 1112 3395 post
1162 3301 1512 3371 Genserici
1579 3312 1871 3371 mortem
1922 3299 2069 3395 ejus
2120 3302 2245 3371 filii
2296 3302 2786 3394 poposcissent,
2841 3301 2963 3369 nisi
3018 3324 3157 3372 rex
3195 3306 3196 3357 ἐ

644 3420 1199 3511 prudentissimus
1251 3420 1586 3513 ejusmodi
1638 3421 1980 3493 desideriis
2032 3422 2506 3493 constitutione
2552 3446 2675 3491 sua
2718 3422 3159 3493 occurrisset.

641 3538 888 3605 Nonne
939 3537 1340 3606 Gensericus
1389 3539 1737 3610 interitum
1788 3541 2229 3631 potentissimi
2280 3542 2479 3635 regni
2530 3541 2941 3609 Hunnorum
2966 3589 2987 3626 ,
3066 3562 3167 3609 ex

642 3652 968 3721 divisione
991 3663 1237 3731 ortum,
1288 3665 1436 3721 tum
1455 3666 1610 3721 ante
1644 3658 1880 3723 oculos
1916 3659 2161 3725 habuit
2178 3649 2299 3724 ⁶²2?
2352 3662 2497 3725 Nec
2532 3656 2981 3725 dubitandum
3020 3669 3163 3749 est,
3195 3638 3196 3705 ss

640 3772 806 3863 quin
856 3770 1127 3856 divisio,
1177 3771 1248 3839 in
1299 3770 1610 3840 omnibus
1659 3774 1887 3866 regnis
1953 3774 2335 3864 periculosa
2352 3824 2372 3859 ,
2451 3771 2915 3842 vandalorum
2966 3794 3175 3845 rem..

635 3892 987 3985 publicam
1019 3890 1242 3960 statim
1260 3891 1627 3961 eversisset.
1680 3891 2142 3961 vandalorum
2160 3892 2335 3961 enim
2355 3892 2659 3985 populus
2690 3891 2879 3960 haud
2897 3912 3167 3960 nume-

635 4034 846 4098 rosuS‚
866 4011 1175 4097 Arianus,
1212 4010 1703 4081 catholicorum
1716 4010 2091 4082 incolarum
2108 4012 2373 4081 inimica
2396 4010 2829 4081 multitudine
2846 4011 3147 4081 circum·
3195 4090 3196 4095 ἵ

631 4252 1099 4323 auctoritatem
1149 4272 1337 4321 suam
1388 4250 1757 4322 defendere
1806 4254 2061 4346 potuit.
2112 4252 2421 4345 Magnae
2469 4250 2681 4343 igitur
2719 4248 3143 4343 prudentiae
3195 4274 3196 4293 ³

631 4378 731 4439 est
785 4360 1305 4458 documentum,
1383 4371 1574 4461 quod
1642 4372 1905 4463 primus
1954 4395 2033 4441 ac
2084 4373 2304 4459 solue,
2374 4373 2547 4441 inter
2622 4390 2855 4439 omnes
2922 4365 3141 4458 hujus
