3229 5225
1279 297 1301 330 Ι

1132 357 1224 365 ...—

39 446 237 514 cticio
289 448 510 514 nixam
561 447 763 514 fuisse
783 437 874 512 ²⁴.
929 445 1155 530 Quam
1193 443 1470 535 quidem
1506 445 2003 536 principiorum
2057 469 2184 539 per
2240 473 2311 518 se
2370 465 2549 519 con-'

39 566 404 635 trariorum
457 564 1018 634 consociationem
1063 564 1132 630 in
1185 563 1496 632 omnibus
1547 560 2049 635 Germanorum
2098 570 2322 661 regnis
2340 621 2360 657 ,
2412 595 2536 638 an·-

39 687 424 775 tiquissimis
465 683 892 776 temporibus
942 683 1284 766 exstitisse,
1343 683 1544 750 etiam
1595 683 2152 776 Anglosaxonum
2206 699 2275 757 et
2324 687 2543 757 Scan-

41 805 442 872 dinavorum
492 803 775 872 historia
827 803 1202 870 luculenter
1257 801 1458 870 docet
1476 793 1564 870 ²⁵.

247 923 558 993 Maximis
611 933 838 991 autem
889 943 1119 989 rerum
1188 920 1730 992 conversionibus
1748 974 1768 1010 ,
1822 946 1989 1015 quas
2040 922 2539 995 Germanorum

40 1044 340 1113 civitates
407 1043 757 1110 subierunt
775 1091 796 1127 ,
865 1039 1038 1106 haec
1106 1040 1379 1130 antiqua
1445 1041 1869 1112 successionis
1917 1043 2255 1138 principia
2326 1048 2542 1139 magis

39 1164 400 1255 magisque
449 1159 786 1229 labefacta
833 1168 1026 1244 sunt,
1097 1158 1190 1228 ita
1241 1168 1318 1228 ut
1370 1167 1504 1230 aut
1543 1159 1661 1252 jus
1712 1162 2197 1232 hereditarium
2250 1175 2385 1235 aut
2422 1166 2541 1259 jus

40 1282 390 1352 electionis
439 1279 676 1348 sensim
729 1280 1128 1369 praevalere
1176 1277 1508 1369 inciperet
1545 1290 1755 1369 atque
1790 1281 2290 1352 Germanorum
2327 1307 2543 1377 regna

43 1413 162 1472 aut
211 1421 412 1470 mere
463 1397 926 1472 hereditaria
947 1387 1016 1430 ²⁶
1069 1407 1185 1466 aut
1235 1419 1435 1467 mere
1487 1400 1815 1468 electe‘cia
1836 1391 1905 1438 ²⁷
1954 1401 2219 1469 fierent.

245 1519 459 1604 Fatis,
514 1538 696 1607 quae
742 1515 1080 1608 principia
1130 1517 1558 1588 successionis
1607 1520 1678 1586 in
1728 1517 2005 1588 diversis
2043 1519 2543 1588 Germanorum

39 1641 268 1734 regnis
319 1637 667 1720 subierint,
719 1635 1019 1705 breviter
1069 1636 1426 1729 expositis,
1479 1637 1851 1708 accuratius
1918 1640 2250 1708 rationem
2316 1661 2545 1708 succe·
2630 1689 2636 1696 -

39 1759 253 1828 dendi
300 1758 370 1823 in
394 1755 856 1822 vandalorum
909 1777 1127 1846 regno
1179 1757 1642 1827 tractabimus.
1698 1759 1895 1845 Quae
1934 1759 2214 1852 quidem
2266 1760 2359 1827 ob
2394 1780 2545 1828 eam
2630 1731 2641 1814 ’-

37 1897 342 1946 caussam
395 1873 810 1940 accuratiore
861 1873 1300 1963 indagatione
1350 1875 1564 1968 digna
1614 1878 1923 1964 videtur,
2007 1880 2182 1971 quia
2250 1879 2545 1972 primus

39 1999 236 2066 inter
309 2013 552 2062 omnes
617 1992 1169 2059 Germanorum
1235 2013 1460 2086 reges
1483 2043 1504 2080 ,
1579 1995 2023 2064 Gen-sericus
2090 1997 2546 2065 individuam

40 2116 267 2209 regni
301 2119 654 2180 naturam
693 2119 913 2203 atque
949 2120 1227 2180 certum
1283 2112 1617 2180 ordinem
1650 2111 2106 2199 succedendi,
2161 2115 2302 2180 hoc
2340 2109 2547 2202 juris
2646 2110 2650 2114 ’

26 2233 318 2331 publici
373 2230 829 2300 monarchici
857 2229 1458 2323 fundamentum,
1511 2253 1873 2326 expressa
1928 2233 2097 2328 lege
2150 2231 2543 2300 constituit.
2644 2239 2651 2246 ‘

1093 2457 1493 2470 —a—-a-——u—-u-ffl-

1189 2658 1264 2755 §-
1318 2660 1392 2727 2.

84 2794 201 2855 DE
242 2788 804 2851 VANDALORUM
846 2790 1088 2851 FA'ns
1133 2790 1582 2868 EORUMQUE
1640 2790 1939 2851 smum
1982 2742 2504 2853 accusari:

713 2890 1349 2955 occnPA'rmNEM
1411 2884 1864 2954 AFRICAE²⁸.
1960 2908 1965 2918 2

255 3064 547 3137 Vandali
615 3077 1139 3137 annumerantur
1207 3090 1496 3160 magnae
1569 3067 1965 3135 Gothorum
2040 3068 2267 3155 genti:
2370 3064 2554 3151 „hae

43 3198 284 3283 partes
337 3186 642 3255 diversae
693 3187 911 3277 gentis
964 3187 1304 3257 Gothicae
1356 3179 1629 3253 nomin'e
1675 3184 1979 3274 quidem,
2034 3186 2222 3250 nulla
2273 3204 2437 3249 vero
2477 3202 2553 3248 re

43 3320 414 3403 praeterea
463 3303 639 3370 inter
689 3326 765 3371 se
815 3304 1182 3375 differunt:
1238 3306 1539 3375 eaedem
1590 3304 1823 3393 leges,
1882 3300 2121 3368 eadem
2153 3322 2362 3385 sacra,
2392 3285 2551 3367 xnna

43 3428 330 3496 demum
380 3421 638 3510 lingua,
693 3444 868 3509 quae
921 3421 1220 3489 Gothica
1270 3422 1602 3490 vocatur“
1628 3410 1718 3487 ²⁹.

263 3539 896 3609 commemorantur
963 3537 1187 3609 obiter
1253 3538 1542 3611 Vandali
1595 3563 1636 3606 a
1686 3536 1909 3606 Plinio
1978 3547 2045 3606 et
2098 3560 2137 3605 a
2190 3538 2435 3609 Tacito
2458 3526 2547 3605 ³⁰.
2667 3617 2672 3625 ⁸

43 3661 268 3735 Sedes
336 3680 574 3727 eorum
641 3658 1134 3750 antiquissimae
1205 3659 1380 3730 inter
1453 3658 1782 3728 viadrum
1853 3659 2275 3749 superiorem
2344 3668 2553 3745 atque

41 3790 314 3855 montes
366 3775 844 3869 Asciburgicos
895 3770 1279 3871 fuerunt31,
1349 3778 1532 3849 unde
1580 3778 1657 3847 hi
1706 3790 1968 3846 montes
2020 3778 2223 3845 etiam
2279 3774 2552 3843 Vanda-

39 3902 158 3973 lici
211 3896 732 3969 nominabantur
757 3886 845 3965 ³².
909 3898 1178 3991 Magno
1229 3898 1785 3968 Marcomannico
1834 3895 2023 3964 bello
2074 3893 2384 3977 Vandali,
2436 3913 2552 3957 re·-

47 4020 228 4092 lictis
278 4016 551 4089 sedibus
602 4017 918 4111 antiquis,
978 4016 1066 4086 ad
1117 4017 1304 4107 ripas
1323 4015 1625 4085 Danubii
1658 4023 2139 4107 pervenerunt.
2192 4012 2374 4077 Pace
2398 4020 2566 4077 cnm'

46 4138 382 4211 Romanis
431 4136 610 4205 facta
629 4186 650 4223 ,
705 4158 949 4205 novam
999 4135 1294 4227 patriam
1349 4134 1418 4200 in
1469 4133 1682 4199 Dacia
1732 4134 2047 4200 invenere
2066 4180 2086 4217 ,
2140 4150 2309 4218 quas
2360 4122 2550 4193 sedes

38 4254 432 4331 Jornandes
485 4255 974 4325 accuratissime
1024 4250 1380 4345 descripsit
1413 4240 1502 4317 ³³.
1600 4248 1924 4319 Vandalis
1942 4300 1961 4335 ,
1992 4247 2155 4337 -qui
2204 4268 2246 4313 a
2298 4242 2549 4313 Gothis
2589 4274 2591 4276 >

40 4400 132 4449 ex
182 4374 290 4444 his
347 4370 618 4441 sedibus
671 4372 1212 4463 expellebantur,
1269 4368 1739 4441 Constantinus
1778 4368 2078 4461 Magnus
2130 4349 2547 4435 domicilium
