3229 5225
62 437 65 456 -·
62 355 65 362 ·
61 0 92 312 ,ν-.,νυ-”·”“

1935 241 1975 302 6

1814 333 2079 342 -ο-ο-ιη-,Ἣ
2088 332 2114 340 ‹-

711 435 832 494 est.
885 423 998 492 Ab
1049 422 1186 490 hoc
1237 430 1546 510 tempore
1585 416 1703 511 jus
1754 415 2157 488 succedendi
2206 417 2275 486 in
2308 413 2523 486 Lethi
2574 414 2757 507 regis
2807 415 3063 485 familia
3100 439 3167 482 re

709 543 969 614 mansit.
1025 540 1169 627 „Hi
1201 561 1430 608 omnes
1483 537 1828 632 Lethingi
1856 537 2169 618 fuerunt3
2220 535 2315 604 sic
2358 536 2537 604 enim
2590 533 2781 626 apud
2835 557 2949 606 eos
2998 559 3167 626 quae}

705 665 864 734 dam
919 661 1162 730 nobilis
1217 659 1546 751 prosapia
1594 658 2038 728 vocabatur.“
2088 655 2289 726 Paul.
2342 655 2534 726 Diac.
2586 653 2644 740 1,
2700 654 2800 724 21.

915 783 1369 872 Posteaquam
1439 780 1507 847 in
1581 777 1873 870 septima
1940 776 2381 868 generatione
2446 774 2934 866 Lithiugorum
3002 775 3167 865 stirps

705 902 912 971 virilis
965 900 1260 970 extincta
1311 898 1459 984 fuit,
1515 898 1720 966 etiam
1748 895 2216 990 seminarum
2276 917 2361 963 ex
2410 893 2547 962 hac
2596 893 2851 964 familia
2890 892 3007 985 jus
3063 917 3167 962 suo

701 1019 990 1089 cedendi
1043 1018 1564 1112 agnoscebatur.
1650 1015 1758 1084 De
1828 1013 2229 1086 feminarum
2270 1013 2433 1106 jure
2484 1013 2909 1084 successionis
2959 1011 3167 1080 divers*

702 1141 1215 1208 Germanorum
1267 1135 1510 1227 populi
1561 1133 1824 1203 diversa
1895 1135 2230 1226 principia
2298 1136 2707 1204 statuebant.
2794 1133 3167 1224 Langobar*

703 1259 850 1346 doS,
905 1257 1262 1326 deficiente
1312 1256 1526 1346 stirpe
1583 1255 1787 1340 virili,
1842 1254 2045 1322 etiam
2095 1255 2355 1324 feminis
2396 1254 2572 1322 illud
2613 1253 2730 1344 jus
2788 1254 3167 1322 concessisse

701 1401 838 1446 non
904 1387 1134 1468 potest
1203 1376 1469 1467 negari.
1576 1373 1904 1443 Autharis
1982 1396 2105 1442 rex
2172 1375 2423 1442 electus
2499 1397 2791 1467 regnum
2858 1397 3056 1441 suum
3128 1393 3167 1442 et

699 1499 1106 1566 confirmare
1181 1493 1480 1580 studuit,
1553 1495 1745 1584 quod
1812 1494 1883 1562 in
1952 1493 2457 1562 matrimonium
2508 1493 2705 1562 duxit
2778 1493 3167 1560 Theodelin·

699 1618 884 1701 dam,
942 1613 1256 1683 Bavarici
1307 1613 1498 1683 ducis
1550 1615 1763 1682 filiam
1784 1663 1805 1700 ,
1873 1635 2056 1704 >quae
2126 1623 2273 1682 erat
2323 1613 2549 1704 neptis
2604 1612 2969 1680 wachonis
3023 1613 3167 1703 regi

702 1727 794 1804 ex
841 1734 1351 1826 Lethingorum
1403 1733 1643 1824 stirpe.
1730 1731 2076 1803 Mirantur
2126 1731 2467 1802 interdum
2520 1734 2919 1822 scriptores,
2992 1731 3167 1823 quod

700 1864 974 1923 mortuo
1023 1852 1318 1921 Authari
1339 1902 1360 1940 ,
1428 1850 1878 1944 Langobardi
1948 1850 2471 1922 Theodelindae
2530 1851 2647 1945 jus
2718 1851 3167 1922 concedebant

700 1985 780 2044 ut
827 1974 956 2041 sibi
1005 1973 1324 2040 maritum
1390 1972 1797 2063 populoque
1846 1993 2087 2063 regem
2144 1971 2632 2043 denominaret.
2727 1973 2925 2057 Quae
2976 1982 3167 2040 tamet

698 2117 806 2162 res
855 2115 992 2160 non
1042 2092 1211 2161 mira
1245 2090 1533 2178 videtur,
1585 2089 1961 2161 dummodo
1999 2102 2395 2184 reputamus
2414 2142 2435 2178 ,
2492 2091 3037 2160 Theodelindam
3076 2113 3167 2162 not

697 2215 920 2282 solum
963 2211 1246 2280 'viduam
1296 2213 1478 2302 regis
1501 2261 1522 2296 ,
1591 2210 1719 2279 sed
1794 2209 2106 2302 reginam
2158 2232 2243 2277 ex
2292 2211 2588 2302 proprio
2658 2211 2995 2304 sanguinis
3040 2211 3167 2304 jun

697 2331 923 2402 fuisse.
975 2329 1364 2397 Nominavit
1415 2328 1897 2397 Theodelinda
1946 2325 2361 2420 Agilulfum,
2416 2331 2537 2421 qui
2587 2341 2827 2421 postea
2862 2332 2949 2400 ab
2982 2325 3166 2400 omni

697 2453 827 2520 bus
858 2447 1336 2541 Langobardis
1390 2450 1504 2534 „in
1557 2471 1849 2541 regnum
1900 2449 2161 2516 levatus
2214 2451 2388 2535 est,“
2442 2449 2641 2518 Paul.
2694 2450 2883 2519 Diac.
2920 2451 3049 2536 111,
3072 2453 3166 2520 34

700 2569 964 2641 Eadem
1017 2568 1189 2637 ratio
1243 2568 1733 2665 observabatur
1784 2569 1854 2639 in
1908 2565 2363 2661 Gundiperga
2383 2621 2404 2656 ,
2443 2570 2599 2638 filia
2650 2569 3167 2649 Theodelindae

698 2690 806 2759 cui
871 2688 988 2781 jus
1061 2688 1504 2780 succedendi,
1592 2689 1805 2757 fratre
1870 2690 2261 2759 Adaloaldo
2324 2700 2641 2777 mortuo,
2726 2693 3167 2782 competebat

695 2808 1144 2878 transferebat
1197 2830 1278 2875 ea
1328 2810 1590 2900 regiam
1643 2819 2058 2899 potestatem
2095 2810 2165 2878 in
2199 2821 2567 2900 utrumque
2592 2811 2906 2878 maritum
2927 2812 3167 2879 Arioal

695 2930 860 2998 dum
923 2938 992 2995 et
1041 2926 1430 2993 Rotharim.
1481 2927 1855 2995 Rodualdo
1904 2953 2074 3023 rege
2124 2941 2421 3015 mortuo,
2474 2954 2627 2999 cum
2680 2952 2907 2997 omnes
2959 2930 3167 3000 Theo

693 3045 1012 3116 delindae
1066 3042 1546 3113 descendentes
1618 3046 1891 3117 extincti
1961 3060 2214 3118 essent:
2286 3072 2581 3140 regnum
2634 3050 2722 3117 ad
2774 3050 3167 3142 Aripertum

693 3166 1065 3235 wachonis
1116 3165 1296 3255 regis
1351 3175 1806 3257 pronepotem
1845 3167 2178 3257 pervenit,
2233 3168 2303 3235 in
2360 3166 2645 3259 ejusque
2695 3170 2871 3241 linea
2927 3186 3167 3239 remant

690 3288 774 3355 sit
827 3308 1043 3377 usque
1097 3282 1186 3351 ad
1239 3283 1645 3375 Ariper'tum
1685 3286 1781 3353 ΙΙ.
1855 3284 2031 3355 Cum
2082 3285 2500 3379 Ansprando
2552 3310 2727 3356 nova
2774 3288 3041 3356 familia
3107 3280 3167 3363 re}

691 3428 906 3495 gnum
980 3402 1236 3494 adepta
1289 3416 1428 3489 est,
1503 3404 1697 3496 cujus
1769 3430 2016 3477 nexum
2086 3430 2239 3475 cum
2296 3406 2657 3499 Lethingis
2708 3406 3013 3477 invenire
3072 3420 3167 3485 not

691 3545 1071 3615 possumus.
1163 3522 1277 3589 Ab
1333 3523 1441 3591 his
1493 3526 1913 3616 temporibus
1954 3524 2069 3617 jus
2120 3525 2608 3595 hereditarium
2662 3528 2884 3619 magis
2938 3531 3167 3622 magis

692 3664 828 3732 que
879 3639 1352 3731 postponitur,
1429 3641 1785 3735 omnisque
1834 3644 1905 3710 in
1956 3646 2487 3714 successionibus
2540 3648 2788 3739 regula
2838 3650 3167 3718 evanescit

691 3760 872 3831 unde
923 3780 1214 3849 regnum
1265 3760 1490 3850 ipsum
1542 3784 1702 3828 mox
1752 3761 2223 3831 labefactatur.

861 3878 1290 3969 Genealogia
1326 3902 1571 3971 regum
1622 3881 2244 3973 Langobardorum
2298 3884 2671 3953 accuratius
2722 3824 3167 3976 perspecta2³¹

693 4022 941 4069 nexum
992 3998 1544 4089 propinquitatis,
1597 4023 1727 4092 per
1778 4002 2057 4094 longam
2108 4025 2356 4096 regum
2404 4003 2668 4091 seriem,
2720 4026 2761 4071 a
2810 4003 3061 4073 Letho
3109 4010 3167 4077 us'

690 4141 828 4209 que
851 4118 940 4187 ad
961 4116 1489 4209 Luitprandum,
1542 4120 1865 4211 persequi
1901 4122 2081 4190 licet.
2137 4122 2297 4207 Qua
2348 4144 2433 4189 ex
2486 4144 2565 4189 re
2613 4132 2937 4214 apparet,
2998 4127 3167 4195 etiat

689 4240 759 4305 in
807 4236 1432 4329 Langobardorum
1483 4240 1755 4332 populo
1807 4262 2051 4333 regum
2081 4241 2586 4326 successionem,
2644 4250 2719 4309 ut
2750 4242 2945 4334 apud
2972 4242 3167 4315 omnt

693 4356 1192 4427 Germanorum
1245 4366 1480 4449 gentes
1505 4410 1523 4446 ,
1581 4368 1875 4449 utroque
1950 4358 2289 4451 principio
2342 4370 2409 4428 et
2458 4358 2879 4430 hereditario
2932 4372 3009 4430 et
3074 4366 3167 4433 elt
