3229 5225
1309 227 1350 289 9

287 395 534 470 Eidem
586 401 884 470 familiae
917 403 1174 495 regiae,
1229 405 1338 473 cui
1371 385 1440 472 in
1467 403 1678 472 Dacia
1705 402 1855 494 jam
1888 405 2241 495 parebant,
2295 404 2585 474 Vandali

88 522 372 590 fideliter
423 521 892 590 adhaerebant
927 545 1051 612 per
1089 545 1326 592 omnes
1359 523 1821 615 migrationes„
1874 545 2003 615 per
2054 533 2158 593 tot
2206 524 2587 595 discrimina

92 665 334 728 rerum,
395 664 612 730 usqne
663 641 752 710 ad
803 642 1115 710 ultimum
1169 643 1365 734 regni
1419 642 1624 710 diem.

283 777 746 846 Dracontius
797 789 1046 869 poeta,
1109 779 1229 868 qui
1284 775 1825 847 Gunthamundo
1876 799 2044 869 rege
2092 778 2163 844 in
2216 778 2447 847 Africa
2482 782 2581 846 vi·-

87 898 306 983 vebat‚
359 895 656 964 familiae
707 898 943 988 regiae
997 895 1410 965 vandalicae
1461 897 1757 989 gloriam
1809 896 1904 964 ita
1954 897 2351 988 praedicat:

487 1097 610 1170 „Ut
655 1099 756 1174 qui
801 1097 964 1156 sacta
1009 1097 1230 1156 ducum
1274 1117 1512 1176 posse-m
1559 1117 1809 1158 narrare
1854 1117 2147 1172 meorum,

572 1199 838 1259 Nominis
883 1201 1209 1280 Ascle‘nyui
1252 1200 1414 1260 bella
1455 1202 1957 1280 triumphigera.“

82 1371 430 1440 Dracontii
478 1371 842 1440 satisfactio
901 1397 964 1441 v.
1008 1371 1134 1441 22.
1191 1371 1420 1442 Carm.
1477 1373 1586 1441 ed.
1642 1374 1940 1442 Arevalo
1994 1396 2068 1465 p.
2112 1373 2286 1443 371.

277 1509 342 1574 A
367 1507 701 1576 Luxuria
741 1519 952 1598 poeta
985 1510 1370 1578 nominatur
1408 1509 1812 1602 „Carthago
1834 1509 2201 1603 Asdingis
2222 1509 2581 1601 genitrix“‚

75 1647 230 1692 cum
297 1626 432 1693 hac
501 1627 569 1693 in
639 1628 810 1694 urbe
879 1629 1114 1720 regiae
1182 1629 1474 1697 familiae
1539 1631 1993 1698 incunnabula
2062 1639 2301 1697 essent.
2394 1627 2584 1694 Bur-

76 1767 280 1812 mann
305 1795 324 1822 ,
397 1744 679 1813 Anthol.
731 1747 825 1832 ΙΙ,
879 1747 1054 1815 629.
1141 1751 1384 1839 Neque
1435 1773 1475 1816 a
1527 1751 1861 1842 (lignitate
1926 1772 2049 1817 sua
2098 1748 2390 1815 alienum
2444 1768 2584 1837 pu-

76 1863 248 1932 tavit
283 1863 741 1948 AthalaricuS‚
800 1863 1392 1956 Ostrogothorum
1427 1892 1570 1951 rex,
1630 1891 2029 1960 comparare
2079 1889 2266 1937 suam
2322 1865 2582 1958 regiam

72 1983 400 2051 familiam
453 2005 609 2051 cum
665 1983 1124 2052 vandalorum
1177 1997 1384 2076 gente
1434 1988 1664 2078 regia:

283 2107 690 2204 „Hilderico
742 2120 927 2210 Regi
981 2119 1449 2189 Vandalorum
1510 2121 1945 2189 Athalaricus
1998 2121 2152 2187 Rex
2178 2164 2402 2186 ......
2508 2117 2585 2186 Si

67 2236 250 2305 inter
271 2237 915 2333 Hasdiringorum
959 2237 1551 2331 (Hasdingorum)
1588 2242 1871 2331 stirpem
1907 2238 2337 2308 retinuissetis
2358 2237 2583 2306 Amali

57 2356 416 2446 sanguinis
467 2381 893 2450 purpuream
947 2358 1428 2466 dignitatem.“
1483 2357 1785 2428 Cassiod.
1841 2360 2005 2427 Var.
2047 2357 2168 2443 lx,
2223 2358 2272 2424 1.

282 2490 458 2560 Cum
508 2504 669 2584 post
717 2495 1064 2563 interitum
1115 2495 1354 2586 regni,
1429 2495 1738 2563 Gelimer
1808 2496 2081 2564 ultimus
2133 2516 2255 2561 rex
2306 2494 2565 2561 Vanda-

57 2614 301 2680 lorum
355 2609 950 2706 Constantinopoli
1000 2638 1130 2705 per
1183 2615 1616 2708 triumphurn
1667 2616 2071 2700 duceretur,
2148 2636 2305 2682 eum
2354 2612 2579 2682 homi-

54 2754 210 2817 neS,
266 2731 385 2820 qui
441 2731 745 2825 Astingi
797 2734 1341 2822 nominabantur,
1395 2735 1605 2803 secuti
1656 2743 1848 2803 suntt

281 2866 673 2963 ,,Γελι’μερα
703 2864 915 2937 αὑτὸν
962 2867 1080 2939 σὺν
1127 2875 1276 2946 τοῖς
1321 2869 1621 2958 ἐνδόξοις
1658 2872 1783 2939 τοῦ
1826 2868 2087 2947 ἔθνους,
2138 2868 2259 2945 οὓς
2295 2867 2581 2937 ἐκάλουν

49 2987 143 3055 'A
173 2987 628 3075 στίγγους
677 2992 738 3054 οἱ
773 2986 1196 3082 βάρβαροι.“
1260 2987 1501 3078 Lydus
1553 2987 1643 3057 de
1694 2988 2077 3080 magistrat.
2131 2987 2255 3069 111,
2289 2984 2412 3055 55.

277 3120 654 3211 Procopius
696 3122 790 3207 ΙΙ,
835 3122 908 3192 2,.
953 3134 1180 3191 autem
1244 3134 1474 3191 narrat
1543 3147 1701 3191 cum
1767 3124 2116 3191 Gelimere
2182 3144 2351 3211 rege
2418 3141 2583 3210 pro·

41 3240 367 3332 pinquos
437 3262 705 3325 omnm,
774 3242 910 3326 „rb
964 3242 1292 3330 ξυγγενὲς
1337 3241 1596 3326 ἅπαν“,
1668 3265 1798 3333 per
1869 3239 2297 3331 triumphum
2350 3237 2585 3336 ductos

43 3380 253 3442 esse,
328 3357 508 3425 unde
561 3359 824 3441 elucet,
878 3358 1259 3449 Asdingos,
1331 3382 1372 3425 a
1420 3360 1629 3448 Lydo
1682 3368 2283 3443 commemoratos,
2352 3359 2585 3451 regiae

41 3475 374 3546 familiae
426 3475 862 3567 propinquos
911 3476 1133 3565 fuisse,
1189 3477 1308 3566 qui
1364 3478 1531 3547 alias
1583 3476 1775 3570 apud
1812 3477 2153 3546 Vandalos
2208 3454 2583 3571 „civzssxpcoffl

37 3604 426 3663 vocantur.
457 3630 556 3645 --·
2538 3576 2549 3582 ’

277 3730 548 3809 Primis·
604 3730 1030 3823 temporibus
1099 3732 1302 3800 etiam
1370 3732 1560 3824 apud
1631 3731 1977 3802 Vandalus
2038 3734 2310 3827 plures
2380 3733 2585 3802 duces

33 3850 318 3921 eodem
373 3860 689 3941 tempore
740 3851 1122 3942 regnabant
1143 3840 1236 3935 4⁵,
1307 3854 1556 3941 quibus
1631 3852 1971 3921 interdurn
2047 3854 2248 3920 etiam
2316 3854 2583 3943 regium

31 3992 326 4040 nomen
377 3970 701 4039 tribuitur
727 3960 819 4037 ⁴⁶.
925 3969 1066 4037 Sed
1120 3970 1208 4036 ab
1263 3992 1348 4037 eo
1399 3980 1755 4061 ternpore,
1829 3993 1970 4059 quo
2022 3970 2261 4039 relicta
2311 3970 2586 4036 Panno-

29 4089 182 4164 nia
203 4138 224 4172 ‚
298 4087 594 4155 Vandali
660 4088 1099 4181 insigniorem
1171 4088 1395 4155 locum
1465 4089 1641 4156 inter
1708 4091 2011 4180 populos
2064 4088 2375 4158 obtinere
2424 4087 2603 4153 inci--

29 4208 382 4307 piebant,
435 4206 560 4275 uni
610 4208 762 4299 regi
815 4228 1089 4299 semper
1143 4208 1500 4299 parebant,
1537 4202 1681 4275 'nec
1732 4229 2075 4297 umquam.
2112 4205 2585 4277 divisionibus

29 4328 296 4402 unitas
347 4324 544 4417 regni
596 4324 1002 4395 violabatur.
