3229 5225
1275 244 1362 311 29

59 419 620 514 cognoscendam
646 420 994 490 Genserici
1043 417 1294 514 legem'
1325 423 1821 509 snccaesoriam,
1875 422 2065 514 cujus
2116 405 2572 495 defensionem
2652 478 2663 494 .

65 544 465 632 imperator
513 539 1024 628 quodammodo
1073 541 1142 608 in
1193 564 1264 611 se
1313 540 1717 630 susceperat.

277 658 486 743 Quod
539 659 608 724 in
659 657 768 726 his
821 659 1062 726 {itteris
1109 659 1199 726 ad
1251 681 1402 726 eam
1452 659 1524 726 in
1573 681 1781 750 qnam
1828 658 2231 750 inquirimus
2278 683 2577 730 caussam

69 777 366 863 adtinet,
421 777 722 845 breviter
772 776 1326 868 complectimur:

287 895 366 983 1)
422 893 771 962 Genserici
823 896 1200 988 dispositio,
1254 896 1323 964 in
1375 896 1757 965 testamenti
1788 895 2011 964 forma
2061 896 2322 984 relicta,
2344 923 2351 930 ·
2370 897 2577 968 etiam

74 1013 168 1079 ab
233 1012 612 1082 Justiniano
666 1036 798 1103 pro
873 1017 1044 1107 lege
1071 1014 1637 1108 fundamenta&
1703 1015 1903 1107 regni
1953 1014 2309 1098 Vandalici
2353 1014 2577 1083 habe-

73 1144 215 1199 tur.
265 1129 656 1200 Secundum
705 1131 884 1200 hanc
931 1134 1144 1200 solam
1201 1135 1432 1225 legem
1480 1133 1809 1202 successio
1857 1135 1929 1200 in
1976 1156 2269 1226 regnum
2318 1130 2575 1224 dijudi-

73 1249 284 1316 canda
342 1259 464 1316 est.
553 1251 746 1318 Haec
799 1251 1184 1320 constitutio
1235 1273 1373 1320 uno
1443 1252 1743 1320 omnium
1818 1274 2141 1320 consensu
2190 1263 2331 1320 tam
2379 1253 2579 1322 firme

79 1369 314 1460 agnita
365 1379 484 1458 est,
535 1378 614 1436 ut
663 1370 805 1458 ipse
849 1371 1175 1462 ‘princeps
1227 1380 1580 1439 extraneus
1616 1393 1787 1455 eam,
1840 1378 2187 1459 tamquam
2220 1371 2426 1440 totins
2464 1393 2573 1438 re-

78 1487 202 1578 gni
250 1485 784 1573 fundamentum,
847 1489 1026 1556 bene
1075 1489 1360 1556 noverit.

282 1605 368 1694 2)
424 1605 564 1689 Qui
617 1616 886 1676 contra
939 1607 1114 1674 hanc
1165 1607 1417 1700 legem-
1445 1615 1855 1700 potestatem
1906 1607 2034 1674 sibi
2085 1617 2384 1699 arrogat,
2438 1629 2579 1676 non

78 1745 218 1813 pro
271 1746 436 1804 vero
487 1747 690 1816 rege,
765 1725 890 1793 sed
940 1749 1075 1816 pro
1125 1735 1580 1821 usurpatore
1628 1748 1748 1794 seu
1816 1734 2107 1816 tyranno
2160 1737 2259 1795 est
2307 1725 2577 1797 haben-

75 1842 253 1908 dus:
309 1845 478 1932 „Bia
513 1842 629 1934 τὴν
687 1845 906 1937 ἀρχὴν
953 1841 1460 1938 ἀφαιρούμενος
1521 1843 1673 1933 ἐξὸν
1732 1838 2189 1936 αὖτῆν--
2239 1844 2421 1915 κατὰ
2464 1844 2571 1914 νό-

81 1985 207 2051 μον
249 1959 724 2040 λαβεῖν---
761 1964 926 2054 μηδὲ
971 1966 1094 2030 τοῦ
1146 1967 1196 2044 ,Β
1221 1963 1548 2030 ασιλέω
1577 1989 1614 2035 ς
1654 1960 1992 2054 ὀνόματος
2024 1960 2423 2052 ἀπαλλάξῃ
2454 1963 2573 2052 τὴν

81 2081 206 2145 τοῦ
245 2105 344 2144 τυ
371 2105 403 2170 ρ
433 2076 630 2146 &vva
657 2106 691 2145 υ
728 2083 1256 2172 προσηγορίαν(
1311 2079 1447 2163 Qui
1497 2077 1679 2144 hanc
1725 2078 1954 2168 legem
2007 2077 2271 2160 evertit,
2312 2075 2429 2167 jus
2463 2077 2580 2146 di·-

83 2195 308 2262 vinum
365 2205 576 2283 atque
624 2195 1000 2276 humanum
1029 2195 1241 2285 laedit
1293 2191 1523 2285 (,,οὖχ
1563 2193 1716 2265 ὅσια
1746 2195 2069 2286 meze-59⁶⁴),
2127 2195 2286 2284 quia
2321 2195 2437 2287 pia
2459 2219 2577 2263 re·-

88 2312 384 2385 verentia
435 2315 862 2404 proauctoris
913 2298 1298 2407 praeceptis
1347 2314 1667 2382 debetur.

289 2431 374 2520 3)
432 2431 641 2516 Quod
691 2433 949 2502 adtinet
997 2435 1086 2507 ad
1117 2431 1252 2526 jas
1303 2431 1723 2518 succedendi,
1776 2431 1975 2500 heres
2026 2433 2221 2525 regni
2280 2433 2368 2500 ad
2417 2457 2580 2504 suc-

81 2550 444 2619 cessionem
511 2563 794 2621 vocatur
851 2575 934 2620 ex
986 2567 1193 2646 pacto
1263 2563 1332 2621 et
1399 2550 1828 2643 providentia
1895 2549 2233 2640 majorum
2286 2554 2333 2624 i.
2374 2577 2435 2623 e.
2488 2575 2572 2623 ex

79 2669 428 2737 Genserici
477 2671 835 2740 beneficio.
886 2674 1047 2741 Non
1093 2674 1182 2740 ab
1235 2672 1476 2741 ultimo
1513 2670 1855 2754 defuncto,
1910 2670 2028 2737 sed
2058 2671 2147 2737 ab
2183 2670 2573 2759 Genserico,

82 2789 436 2857 conditore
486 2813 566 2857 ac
619 2792 846 2881 primo
899 2792 1310 2881 acquirente,
1363 2789 1709 2856 derivatur
1746 2810 1945 2857 omne
1968 2788 2087 2880 jus
2136 2791 2573 2861 succedendi:

80 2910 517 3002 ,,προσδὲ’χου
561 2908 692 2977 ἀπὸ
743 2913 865 2979 τοῦ
902 2914 1276 3003 Γιζερίχου
1315 2907 1523 3005 νόμου
1560 2908 1959 2992 λαβεῖν....“

283 3024 400 3115 4)
426 3024 638 3108 Quod
691 3025 944 3094 adtinet
993 3027 1082 3095 ad
1136 3027 1466 3097 ordinem
1517 3025 1939 3113 succedendi,
2000 3028 2201 3096 etiam
2252 3028 2579 3097 ‹Iustinia-

79 3168 202 3211 nus
253 3144 322 3210 in
378 3142 724 3211 Genserici
803 3146 1278 3215 constitutione
1344 3145 1801 3215 senioratum
1832 3195 1840 3204 .
1868 3146 2367 3236 praescriptum
2432 3166 2573 3213 esse

77 3271 326 3329 censet.
376 3263 552 3329 Nam
603 3284 684 3331 ex
734 3264 1164 3354 imperatoris
1213 3263 1540 3333 sententia
1586 3285 1815 3351 neque
1863 3262 2081 3330 lineae
2133 3284 2355 3349 neque
2405 3285 2574 3354 gra-

78 3380 243 3467 dus,
314 3380 434 3447 sed
483 3380 698 3449 solum
753 3383 1024 3453 aetatis
1075 3384 1248 3453 ratio
1299 3381 1621 3450 habenda
1672 3388 1807 3465 est,
1861 3403 1997 3470 qua
2050 3378 2330 3469 quidem
2377 3380 2447 3448 in
2496 3405 2575 3450 re

81 3509 325 3567 natura
377 3499 748 3569 senioratus
801 3502 1120 3571 consistit.
1175 3502 1568 3592 ‚,Expecta,
1624 3497 1955 3583 Gelimeri
2000 3497 2235 3567 scribit
2281 3499 2575 3591 impera·

75 3632 218 3703 tor,
271 3617 432 3686 dum
483 3620 757 3689 aetatis
811 3620 1186 3717 benefic-io,
1244 3620 1434 3711 quod
1487 3643 1697 3691 unum
1736 3617 1860 3687 tibi
1895 3618 2103 3707 deest,
2152 3619 2420 3711 regium
2457 3643 2581 3689 no-

75 3760 238 3809 men
266 3737 620 3828 accipias:
670 3743 1108 3833 ,,προσδέχου
1149 3739 1280 3809 ’ἀπὸ
1319 3744 1442 3809 τοῦ
1480 3739 1823 3834 χρόνου.“

286 3854 462 3923 Cum
513 3856 650 3926 hae
698 3859 965 3928 litterae
1037 3858 1449 3927 Gelimerem
1502 3880 1641 3926 non
1706 3866 2097 3940 moverent,
2165 3855 2577 3924 Justinianus

74 3998 234 4043 eum
276 3974 426 4065 jam
480 3975 696 4045 acrius
749 3975 1160 4067 perstrinxit,
1214 3984 1292 4043 ut
1349 3973 1735 4067 legitimum
1786 3996 2023 4065 regem
2071 3974 2140 4040 in
2191 3974 2576 4041 libertatem

74 4093 490 4180 restitueret,
545 4118 752 4185 quem
803 4096 872 4163 in
924 4094 1206 4164 vinculis
1256 4090 1557 4162 tenebat.
1609 4094 1804 4179 „Nec
1838 4092 2031 4161 nobis
2065 4091 2382 4175 obstabit,
2416 4086 2575 4182 scri-

77 4213 188 4281 bit
241 4214 644 4305 imperator‚
699 4237 840 4306 pax
891 4235 1045 4283 cum
1098 4211 1465 4283 Genserico
1519 4212 1897 4303 composita
1920 4260 1939 4294 ,
1994 4204 2149 4276 nam
2202 4205 2347 4299 ejus
2396 4206 2579 4298 legi-

75 4333 252 4400 timo
305 4334 678 4405 successori·
719 4355 856 4403 non
905 4333 1268 4403 inferemus
1307 4331 1603 4418 bellum,
1674 4329 1793 4401 sed
1825 4330 2083 4399 illatam
2118 4324 2433 4419 injuriam
2468 4326 2581 4404 ul-

67 4453 486 4520 ciscemur.“
