3229 5225
1282 237 1356 302 21

75 422 304 482 tatem.
361 409 503 480 Sed
555 435 708 480 cum
763 413 852 480 ad
906 413 1372 493 inveniendam
1425 422 1495 484 et
1546 413 2105 484 introducendam
2160 416 2575 507 primogeni-

71 541 294 598 turam
347 530 680 600 excultior
721 532 896 617 juris
965 532 1270 624 cognitio
1341 535 1843 622 requireretur,
1920 556 2071 602 sero
2147 543 2351 623 atque
2424 549 2581 626 post

74 651 294 716 varios
349 673 534 718 casus
587 649 882 739 denique
931 650 1019 718 ad
1075 650 1251 718 hanc
1304 663 1828 741 consequentem
1898 652 2297 720 succedendi
2366 654 2577 722 ratio-

76 791 234 834 nem
287 767 582 836 familiae
632 769 919 838 illustres
991 780 1470 859 pervenerunt.
1524 769 1900 841 Summum
1954 771 2139 838 em'm
2183 771 2579 864 primoge-

73 886 373 955 m’turae
410 885 865 980 principium
939 886 1346 956 continetur
1379 884 1566 979 jure
1637 887 2339 982 repraesentationis
2409 888 2579 983 infi-

69 1005 268 1091 nito,
339 1006 432 1074 ita
483 1015 562 1074 ut
611 1005 1109 1074 descendentes·
1141 1007 1428 1075 maxime
1478 1011 1721 1079 remoti
1778 1031 2047 1100 semper
2098 1007 2455 1076 succedant
2510 1009 2577 1073 in

68 1124 304 1192 locum
355 1123 680 1216 genitoris
731 1123 1032 1193 defuncti
1055 1115 1142 1191 ⁷².
1222 1125 1454 1195 Multo
1509 1129 1722 1220 magis
1776 1127 1987 1218 igitur
2038 1127 2105 1193 in
2163 1126 2576 1218 primogeni-

67 1252 228 1310 tura
299 1243 684 1311 extenditur
756 1238 876 1332 jus
945 1246 1653 1334 repraesentationis
1681 1300 1698 1329 ,
1772 1267 1974 1334 quam
2044 1245 2111 1310 in
2152 1243 2314 1333 jure
2378 1244 2576 1310 civili.

69 1359 218 1428 Sed
271 1361 360 1428 ab
413 1363 842 1452 antiquorum
897 1361 1398 1430 Germanorum
1451 1363 2112 1455 cogitandi‘ratione
2166 1362 2577 1452 principium

66 1480 704 1570 repraesentationis
757 1489 896 1552 tam
949 1478 1345 1567 abhorruit,
1417 1491 1492 1550 ut
1544 1483 1633 1549 ab
1688 1483 1879 1548 initio
1931 1505 2011 1548 ne
2084 1491 2367 1573 nepotes
2420 1480 2577 1568 qui-

65 1597 230 1665 (lem
283 1621 368 1666 ex
417 1599 565 1666 filio
617 1598 941 1666 defuncto
993 1598 1508 1669 admitterentur
1577 1625 1730 1670 cum
1787 1609 2039 1692 patruo
2092 1601 2159 1666 in
2212 1601 2317 1666 avi
2370 1598 2576 1666 here-

63 1715 358 1782 ditatem
379 1707 466 1785 ⁷³.
575 1717 952 1786 Deficiente
1015 1717 1229 1809 igitur
1296 1718 1432 1816 lioc
1503 1719 2135 1810 repraesentationis
2213 1718 2573 1808 principio,

63 1833 266 1900 nullo
319 1832 526 1900 modo
579 1834 730 1900 fieri
796 1835 1061 1925 potuit,
1133 1849 1210 1905 ut
1275 1837 1406 1905 illis
1456 1837 1803 1906 Genserici
1857 1836 2281 1928 temporibus
2335 1835 2575 1923 aliquis

63 1974 193 2019 rex
249 1952 752 2020 Germanorum
802 1952 1268 2024 introduceret
1335 1955 1949 2046 primogenituram
2023 1956 2331 2022 linealem
2354 2003 2374 2036 ‚
2452 1977 2575 2020 cu-

64 2069 188 2161 jus
282 2069 696 2140 introductio
757 2069 906 2160 jam
993 2072 1412 2140 subtiliorem
1483 2073 1825 2164 cogitandi
1909 2073 2237 2140 rationem
2306 2069 2577 2161 efflagi-

62 2199 272 2256 taret.
369 2188 684 2280 Simplex
751 2198 976 2257 autem
1031 2211 1108 2255 ac
1159 2191 1342 2258 rudis
1414 2191 1815 2258 succedendi
1870 2190 2087 2257 forma
2110 2239 2127 2264 ‚
2210 2211 2414 2276 quam
2466 2212 2575 2256 se·

61 2308 411 2376 nioratum
460 2317 819 2392 vocamuS‚
892 2307 1208 2376 facillime
1265 2331 1336 2375 se
1389 2307 1633 2390 offert,
1706 2333 1828 2378 nec
1883 2310 2021 2376 ulla
2072 2307 2426 2376 subtiliora
2452 2306 2572 2396 ju-

60 2427 154 2494 ris
213 2425 552 2517 principia
587 2427 672 2491 1ἱῐι
731 2450 801 2494 se
854 2426 1184 2511 continet,
1241 2451 1392 2494 cum
1441 2451 1671 2515 neque
1718 2427 2007 2518 gradus,
2080 2449 2305 2514 neque
2356 2427 2573 2492 lineae

56 2548 127 2611 in
183 2545 526 2615 senioratu
580 2545 753 2612 ratio
809 2544 1164 2612 habeatur.
1257 2547 1481 2629 Quam
1536 2548 1627 2612 ob
1682 2569 1826 2612 rem
1896 2545 2085 2638 apud
2134 2547 2383 2617 multos
2438 2568 2573 2636 po-

51 2668 274 2758 pulos
325 2665 541 2732 minus
585 2666 887 2733 excultos
911 2654 978 2703 ⁷4
1028 2664 1198 2731 haec
1231 2664 1632 2731 succedendi
1686 2666 1905 2731 forma
1929 2704 2025 2716 -—
2078 2664 2302 2747 multis
2356 2663 2573 2731 modis

52 2783 472 2875 imperfecta
539 2805 666 2849 nec
736 2782 936 2850 saluti
1005 2784 1324 2873 publicae
1391 2782 1544 2851 satis
1613 2784 2009 2861 conveniens
2041 2822 2135 2860 -,-
2188 2793 2411 2849 tamen
2460 2783 2573 2849 fa-

53 2904 322 2973 cillima
390 2901 738 2969 intellectu
807 2902 1160 2971 invenitur.
1296 2902 1398 2969 lta
1477 2903 1678 2969 etiam
1760 2903 1949 2992 apud
2019 2900 2377 2987 Alamos,
2452 2901 2577 2989 qui

51 3024 126 3091 in
181 3022 426 3091 Africa
479 3018 862 3112 (legebant,
913 3020 1172 3089 eadem
1239 3022 1414 3088 ratio
1481 3021 1924 3106 succedendi,
2004 3044 2087 3087 ex
2156 3044 2295 3111 qua
2360 3020 2573 3091 frater

51 3143 208 3210 filio
289 3141 474 3233 regis
541 3131 841 3209 defuncti
894 3140 1318 3231 praefertur,
1389 3140 1881 3227 observabatur
1902 3190 1921 3223 ,
1988 3139 2191 3205 Livio
2258 3149 2429 3206 teste
2478 3139 2572 3207 L.

52 3258 321 3328 XXIX.
375 3283 436 3326 c.
473 3258 612 3326 29:

275 3376 666 3465 „Militante
733 3397 820 3442 eo
889 3375 1310 3463 (Masin‘sssa)
1384 3397 1518 3464 pro
1593 3373 2265 3467 Carthaginiensibus
2313 3373 2383 3439 in
2428 3374 2571 3441 -Hi-

51 3494 328 3589 spania‚
383 3502 585 3585 pater
639 3492 782 3583 ejus
835 3494 1164 3559 moritur:
1243 3492 1550 3581 (Galbae
1601 3514 1847 3561 nomen
1900 3492 2079 3583 erat)
2132 3516 2419 3585 regnum
2482 3494 2571 3559 ad

51 3617 352 3683 fratrem
406 3612 590 3705 regis
641 3611 1010 3698 Defalcen,
1083 3633 1242 3679 mos
1287 3612 1399 3681 ita
1471 3613 1683 3706 apud
1753 3610 2120 3681 Numidas
2188 3622 2333 3699 est,
2406 3634 2575 3704 per-

50 3733 276 3803 venit.
299 3735 348 3771 “

277 3849 454 3933 Cum
505 3849 803 3919 Vandali
847 3872 1002 3917 cum
1051 3849 1314 3919 Mauris
1367 3850 1592 3919 multis
1666 3849 1881 3919 modis
1933 3872 2005 3917 se
2056 3848 2568 3939 conjunxissent,

51 3969 310 4064 quaeri
345 3978 593 4061 potest,
645 3991 810 4037 num
847 3967 1272 4053 Gensericu3‚
1327 3968 1394 4035 in
1434 3967 1672 4035 ordine
1723 3969 2089 4034 senioratus
2141 3964 2573 4047 instituendo,

51 4094 354 4161 fortasse
422 4088 830 4158 Maurorum
898 4086 1287 4176 exemplum
1357 4085 1737 4173 exaliqua
1810 4094 2011 4175 parte
2077 4085 2369 4151 imitatus
2436 4080 2572 4147 sit?

51 4206 507 4279 verisimilius
559 4218 782 4275 tamen
818 4204 984 4273 mihi
1019 4203 1322 4270 videtur:
1379 4201 1816 4269 Gensericum
1869 4201 2156 4291 simplici
2206 4199 2575 4269 senioratus

51 4339 314 4397 natura
365 4348 444 4392 ac
497 4324 803 4415 genuinis
857 4322 1358 4392 Germanorum
1433 4318 1733 4387 moribus
1806 4320 2190 4404 inductum,
2258 4340 2395 4386 *non
2450 4343 2573 4387 au-
