3229 5225
1292 227 1374 292 ³1

1223 398 1299 498 5.
1358 402 1478 471 12.

229 569 346 628 DE
395 567 478 626 v1
522 567 800 644 ATQUE
845 567 1214 628 EFFECTU
1259 567 1941 630 coNS'rlTUTloMs
1986 569 2440 632 GENSERICI.

289 757 680 828 Jomandes
749 757 928 826 hanc
997 757 1086 826 de
1153 755 1361 846 hujus
1413 758 1586 851 legis
1637 757 1707 826 vi
1770 769 1977 850 atque
2026 757 2277 828 effectu
2328 770 2591 829 senten-

84 877 240 945 tiam
301 877 610 967 profert:

285 994 548 1082 „Quod
597 992 984 1084 (Genserici
1031 995 1515 1086 praeceptum)
1588 974 2021 1066 observantes
2070 1019 2201 1088 per
2264 1019 2593 1084 annorum

83 1114 460 1183 multorum
491 1114 712 1204 spatia
731 1163 752 1199 ‚
803 1133 1094 1202 regnum
1141 1112 1427 1185 feliciter
1478 1115 1845 1206 possedere
1861 1166 1883 1202 ,
1950 1138 2074 1190 nec
2124 1115 2319 1206 quod
2363 1117 2433 1184 in
2484 1141 2591 1186 re-

86 1233 296 1322 liquis
349 1233 672 1324 gentibus
720 1231 1008 1315 adsolet,
1061 1231 1374 1301 intestino
1427 1233 1616 1302 bello
1666 1233 1927 1304 foedati
1974 1246 2128 1305 sunt
2177 1259 2441 1325 suoque
2474 1259 2592 1304 or-

85 1351 238 1420 dine
295 1373 465 1420 unus
521 1362 681 1442 post
731 1373 942 1422 unum
991 1351 1354 1441 suscipiens
1405 1375 1735 1444 regnum,
1787 1353 1855 1420 in
1905 1376 2077 1445 pace
2128 1352 2411 1444 populis
2458 1355 2591 1422 im·-

89 1473 492 1560 peramat.“
595 1471 797 1538 Jorn.
851 1493 912 1537 c.
967 1468 1090 1536 33.

288 1588 508 1657 Recte
559 1586 838 1677 quidem
886 1586 1266 1656 Jornandes
1306 1586 1612 1677 judicat,
1668 1587 2017 1656 Genseriei
2048 1588 2589 1659 constitutionem

85 1708 380 1774 multum
429 1706 788 1774 contulisse
841 1704 929 1772 ad
981 1705 1510 1778 conservandum
1542 1705 2001 1777 vandalorum
2033 1729 2343 1800 regnum.
2403 1708 2589 1791 Gen-

86 1825 342 1896 sericus
393 1825 564 1892 euim
618 1846 770 1891 eam
825 1823 1294 1914 promulgavit
1343 1824 1518 1895 bene
1570 1824 1991 1918 intelligens,
2072 1827 2370 1917 primum
2410 1826 2587 1919 juris

88 1942 350 2034 publici
397 1942 813 2010 monarchici
881 1941 1392 2010 fundamentum
1465 1965 1608 2010 esse
1662 1954 1917 2012 certam
1965 1944 2367 2028 succedendi
2420 1969 2585 2014 nor-

91 2085 267 2130 mam
319 2062 388 2128 in
440 2061 638 2153 regia
684 2060 942 2128 familia
961 2111 980 2143 ,
1035 2060 1176 2128 sine
1229 2083 1366 2150 qua
1415 2082 1705 2151 regnum
1725 2109 1746 2146 ‚
1799 2060 1869 2126 in
1924 2060 2163 2148 quovis
2212 2063 2587 2132 successio-

87 2180 182 2250 nis
234 2201 411 2267 casu,
465 2178 984 2250 dissensionibus
1027 2179 1200 2249 inter
1250 2177 1482 2269 regiae
1531 2177 1825 2246 familiae
1874 2178 2089 2247 socios
2144 2200 2223 2247 ac
2257 2178 2445 2248 bello
2496 2181 2583 2247 ci·

89 2298 202 2366 vili
257 2299 630 2370 obnoxium
681 2309 876 2370 essct·

287 2416 466 2486 Cum
501 2417 848 2486 barbarus
895 2415 1014 2484 ille
1064 2435 1185 2481 rex
1235 2415 1441 2484 talem
1491 2415 1721 2506 legem
1771 2416 2063 2506 posteris
2108 2416 2241 2485 suis
2293 2425 2364 2486 et
2398 2416 2581 2486 Van-

86 2535 401 2606 dalorum
452 2536 724 2629 populo
776 2532 1328 2627 praescripserit,
1381 2555 1712 2623 quaerere
1760 2533 1953 2602 nobis
2004 2532 2165 2602 licet
2184 2585 2204 2621 ‚
2258 2558 2379 2604 cur
2428 2538 2581 2606 nul-

84 2656 184 2725 lus
229 2658 610 2746 imperator
658 2654 1033 2738 RomanuS,
1082 2675 1170 2720 ne
1219 2650 1697 2723 Constantinus
1745 2652 2045 2745 Magnus
2098 2654 2408 2743 quidem,
2462 2656 2579 2747 qui

86 2775 374 2865 imperio
428 2774 744 2843 Romano
797 2794 977 2841 nova
1026 2770 1466 2841 fundamenta
1521 2769 1757 2862 jacere
1828 2770 2179 2858 studebat,
2256 2796 2579 2866 umquam

87 2906 360 2965 conatus
411 2894 532 2979 sit,
587 2891 892 2961 ordinem
945 2887 1345 2960 succedendi
1393 2890 1464 2955 in
1519 2888 1811 2981 imperio
1863 2914 2010 2977 suo,
2086 2890 2267 2983 lege·
2294 2893 2365 2961 in
2416 2917 2577 2985 per·

87 3024 368 3104 petuam
422 3012 712 3081 valitura
777 3019 896 3079 aut
961 3017 1239 3079 statuto,
1285 3009 1671 3101 gentilicio,
1744 3008 2046 3085 stabilire
2063 3007 2122 3078 ²!-
2165 3010 2578 3085 Justinianus

86 3132 270 3221 ipse,
350 3130 473 3222 qui
543 3129 824 3197 novellis
880 3125 998 3220 jus
1068 3125 1471 3196 succedendi
1525 3128 2008 3221 privatorum
2075 3136 2215 3195 tam
2266 3142 2579 3201 accurate

86 3251 412 3335 excoluit,
465 3248 587 3339 qui
636 3248 896 3340 optime
941 3245 1134 3325 ,novit
1193 3245 1538 3314 Genserici
1589 3247 1821 3337 legem
1870 3232 2379 3333 successorium,
2456 3248 2577 3338 qui

85 3368 436 3438 admonuit
486 3366 902 3435 Gelimerem
923 3414 943 3450 ‚
1021 3387 1106 3433 ne
1155 3364 1443 3432 violaret
1496 3364 1924 3455 proauctoris
1971 3372 2297 3432 statutum
2346 3368 2577 3459 genti-

84 3486 348 3575 licium,
403 3499 628 3557 tamen
679 3505 1048 3573 numquam
1103 3481 1452 3549 Genserici
1509 3481 1901 3572 exemplum
1952 3481 2198 3551 imitari
2220 3518 2227 3526 ·
2248 3507 2329 3551 ac
2378 3484 2575 3555 simili

85 3606 342 3675 ratione
391 3607 462 3673 in
537 3626 660 3673 suo
739 3600 1044 3695 imperio*
1083 3601 1564 3671 successionem
1614 3600 1933 3671 ordinare
1984 3601 2329 3695 cogitavit.
2434 3604 2579 3675 Sed

87 3724 274 3813 quod
337 3748 378 3793 e
461 3734 692 3794 nostra
761 3720 1164 3790 Germanica
1229 3721 1575 3812 cogitandi
1642 3721 1906 3792 ratione
1972 3722 2214 3793 mirum
2285 3724 2573 3809 videtur,

83 3842 156 3909 id
211 3866 292 3913 ex
345 3842 638 3919 Romani
689 3838 960 3932 imperii
1012 3848 1252 3909 natura
1301 3839 1500 3907 facile
1549 3840 1976 3933 intelligitur.

279 3962 598 4047 Romani,
652 3982 950 4051 quorum
999 3956 1346 4049 ingenium
1397 3958 1468 4024 in
1519 3958 1893 4027 excolendo
1945 3957 2209 4048 privato
2231 3956 2397 4048 jure
2446 3957 2573 4025 ad-

85 4079 402 4153 miramur
418 4131 438 4167 ‚
495 4081 778 4170 antiqua
825 4078 1144 4146 libertate
1195 4057 1490 4165 perdita,
1546 4076 1741 4145 unius
1791 4076 2119 4145 voluntati
2170 4086 2241 4144 et
2290 4075 2575 4144 arbitrio

86 4198 391 4290 subjecti,
435 4222 476 4267 e
507 4200 818 4269 senilium
851 4195 1275 4291 populorum
1308 4193 1568 4263 ratione
1589 4216 1849 4271 novam
1864 4194 2143 4264 civitatis
2160 4194 2449 4266 formam
2464 4193 2573 4261 in-

86 4317 308 4387 venire
357 4340 496 4388 non
545 4326 884 4410 poterant.
937 4313 1311 4408 Imperium
1361 4334 1597 4385 eorum
1631 4310 2051 4408 reipublicae
2088 4313 2385 4405 speciem
2422 4314 2577 4407 pri-
