3229 5225
1305 283 1387 350 25

89 459 414 536 nabatur,
469 455 656 527 hunc
719 455 1141 527 sacerdotem
1209 470 1366 528 ante
1437 480 1667 528 omncs
1718 460 1981 552 patriae
2029 462 2203 552 legis
2254 463 2599 532 custodem

87 601 176 645 ac
227 577 524 668 legitimi
574 576 848 646 heredis
915 575 1344 646 defensorem
1411 579 1779 648 extiturum
1803 569 1915 646 ⁷⁸:
1987 580 2133 663 „ob
2208 580 2343 647 hoc
2410 583 2601 671 quod

83 695 450 764 Jocundus
499 694 570 762 in
620 695 832 764 domo
883 695 1304 763 Theoderici
1352 697 1661 787 germani
1709 698 1891 790 regis
1964 698 2287 790 (legitimi
2338 721 2603 769 succes-

89 815 298 904 soris)
329 813 852 904 acceptissimus
901 812 1313 900 habebatur,
1373 813 1568 905 cujus
1616 815 1795 882 forte
1844 816 2177 908 suffragio
2228 830 2601 888 memorata

97 934 346 1002 domus
397 931 648 1022 (frater
700 932 1172 1002 Theodericus
1221 933 1372 1024 ipse
1422 945 1540 1003 aut
1593 933 1739 1025 ejus
1790 933 1970 1002 filius
2020 949 2182 1004 natu
2236 937 2601 1028 maximus)

98 1075 394 1144 regnum
447 1060 727 1143 poterat
775 1051 1158 1138 obtinere,“
1213 1053 1450 1122 Victor
1486 1053 1624 1122 vit.
1658 1053 1753 1128 11,
1776 1051 1847 1120 5.
1898 1053 2211 1123 Eandem
2260 1055 2355 1123 ob
2406 1074 2599 1124 caus-

95 1195 242 1240 sam
295 1171 682 1239 Hunericus
735 1172 934 1238 etiam
987 1193 1320 1240 summum
1397 1172 1663 1238 civilem
1722 1169 1897 1261 juris
1966 1172 2171 1264 patrii
2236 1195 2316 1242 ac
2365 1173 2601 1265 legum

94 1289 448 1360 custodem
468 1337 491 1375 ,
561 1287 928 1356 Heldicum
967 1311 1202 1358 ‚senem
1225 1341 1245 1374 ‚
1327 1289 1674 1358 Genserici
1726 1291 1887 1358 olim
1940 1291 2413 1360 cancellarium
2462 1293 2605 1360 sive

97 1409 298 1500 regni
326 1406 824 1498 praepositum,
879 1417 1090 1496 atque
1141 1407 1418 1474 comites
1455 1408 1993 1499 quamplurimos
2032 1419 2102 1477 et
2135 1409 2399 1478 nobiles
2431 1432 2602 1502 gen·

106 1527 190 1594 tis
241 1548 442 1610 suae,
499 1524 618 1613 qui
671 1525 1033 1592 successori
1085 1526 1396 1616 legitimo
1449 1524 1914 1595 adhaerebant
1938 1579 1957 1608 ,
2036 1527 2125 1594 de
2176 1527 2401 1596 medio
2452 1550 2603 1596 sus-

92 1645 256 1713 tulit
327 1644 470 1729 „ob
522 1643 662 1710 hoc
713 1642 903 1732 quod
979 1667 1307 1734 germano
1358 1666 1481 1713 suo
1531 1643 1911 1713 faverent.“
2016 1646 2308 1713 Diversis
2364 1646 2599 1736 poenis

93 1773 169 1832 et
228 1761 546 1830 incendiis
595 1760 960 1831 trucidavit
1011 1763 1390 1832 Hunericus
1445 1762 1741 1848 „multos
1762 1816 1780 1847 ‚
1864 1787 2035 1854 quos
2086 1764 2149 1832 ei
2200 1765 2601 1832 Gensericus

97 1891 306 1971 pater
355 1880 664 1965 morienS,
719 1892 1138 1948 sacramento
1189 1881 1614 1972 interposito,
1670 1883 2257 1951 commendaverat
2276 1933 2297 1967 ,
2366 1883 2601 1950 imme·

93 2022 252 2067 mor
299 1998 468 2066 fidei
523 2010 592 2068 et
642 2000 1038 2066 sacramenti
1104 1999 1466 2083 violator,“
1534 1999 1719 2066 vict.
1769 2000 1911 2066 vit.
1960 2001 2055 2082 Π,
2105 1999 2178 2068 5.
2280 2000 2601 2071 Fortasse

97 2118 302 2186 etiam
343 2117 472 2185 hos
525 2117 928 2185 Gensericus
979 2118 1475 2193 nominaverat,
1531 2126 1608 2184 ut
1660 2115 2143 2184 constitutionis
2194 2114 2599 2184 fundamen-

94 2237 248 2304 talis
297 2258 378 2302 ac
429 2235 780 2327 legitimae
831 2236 1256 2304 successionis
1307 2245 1467 2326 post
1517 2245 1809 2302 mortem
1842 2255 2031 2302 suam
2064 2233 2307 2301 fierent
2356 2234 2595 2301 defen-

92 2377 305 2422 sores.
355 2354 750 2423 Catholicos
801 2365 1026 2423 autem
1067 2354 1451 2446 episcopos,
1507 2376 1679 2442 quos
1712 2362 1912 2420 antea
1945 2351 2399 2421 crudelissime
2434 2374 2599 2443 per-

91 2486 360 2546 secutus
411 2485 582 2557 erat,
636 2474 1018 2541 Hunericus
1070 2495 1244 2540 nunc
1293 2471 1612 2540 inducere
1667 2473 1917 2557 voluit,
1974 2481 2049 2540 ut
2100 2481 2257 2562 post
2306 2483 2597 2542 mortem

96 2617 288 2663 suam
339 2591 772 2662 Hildericnm
821 2591 1040 2660 filium
1091 2601 1582 2685 agnoscerent:

251 2711 544 2799 „durate
597 2712 729 2801 (ita
778 2713 1136 2803 episcopos
1188 2712 1557 2801 alloquitur
1609 2713 1797 2802 regis
1828 2708 2270 2802 procurator)
2320 2710 2385 2778 si
2423 2718 2605 2803 post

103 2830 380 2901 obitum
436 2830 713 2899 domini
761 2831 1000 2901 nostri
1055 2830 1304 2923 regis,
1375 2826 1530 2922 ejus
1554 2828 1817 2925 filium
1869 2828 2262 2899 Hilderich
2315 2828 2601 2899 deside-

97 2951 284 3020 retis
336 2972 494 3019 esse
545 2972 806 3043 regem
825 2986 926 3001 -—
943 2988 1046 3001 —
1095 2949 1258 3038 quia
1307 2949 1362 3016 si
1399 2946 1901 3020 'sacramentum
1966 2946 2173 3040 hujus
2237 2948 2336 3016 rei
2387 2946 2601 3016 dede-

91 3071 264 3153 ritis‚
325 3069 636 3138 restituet
684 3091 804 3136 vos
855 3066 1147 3136 ecclesiis
1195 3068 1500 3154 vestris,“
1558 3070 1733 3137 vict.
1786 3069 1926 3137 vit.
1962 3069 2081 3154 lv,
2100 3067 2176 3136 4.

303 3186 482 3256 Cum
533 3210 766 3256 omnes
804 3187 1114 3281 proprii
1165 3188 1412 3279 populi
1468 3188 1797 3278 primores
1829 3185 2199 3277 illegitimis
2232 3183 2411 3273 regis
2466 3181 2597 3248 de-

97 3308 358 3376 sideriis
411 3316 551 3375 tam
600 3316 872 3375 strenue
921 3328 996 3374 se
1045 3318 1498 3395 opponerent,
1548 3304 1929 3371 Hunericus
2000 3300 2407 3369 catholicos
2448 3300 2601 3391 epi-

94 3447 346 3517 scopos
396 3425 526 3493 sibi
595 3424 1070 3494 inimicissimos
1121 3424 1190 3489 in
1239 3444 1389 3491 suas
1441 3434 1669 3512 partes
1736 3420 2011 3487 trahere
2075 3418 2354 3488 studuit.
2460 3418 2607 3487 Sed

103 3545 316 3613 etiam
382 3544 560 3612 inter
628 3543 756 3611 hos
823 3566 962 3611 non
1029 3543 1278 3611 multos
1345 3538 1801 3629 usurpationis
1875 3537 2223 3631 adjutores
2290 3538 2609 3609 invenisse

95 3662 394 3732 videtur.
485 3663 576 3731 lis
627 3663 805 3731 enim
857 3660 1196 3752 episcopis
1248 3658 1620 3746 catholicis,
1674 3658 1795 3749 qui
1845 3682 1981 3727 non
2023 3658 2376 3750 jurabant,
2428 3660 2604 3752 regii

93 3793 588 3876 procuratores
651 3780 968 3849 dicebant
992 3804 1014 3849 z
1094 3780 1324 3867 „Quia
1391 3802 1683 3873 regnum
1728 3779 1853 3847 filii
1902 3778 2157 3847 domini
2207 3780 2417 3848 nostri
2474 3801 2610 3846 non

93 3902 375 3993 optatis,
428 3900 684 3968 idcirco
727 3898 966 3989 jurare
1016 3898 1390 3983 noluistiS,“
1461 3898 1639 3966 Vict.
1693 3897 1833 3965 vit.
1879 3897 1999 3979 lv,
2026 3896 2097 3963 5.

301 4019 737 4109 Quamquam
787 4017 1170 4085 Hunericus
1226 4039 1265 4080 a
1317 4016 1506 4082 nullo
1557 4015 1857 4081 facinore
1908 4013 2305 4099 abhorruit,
2358 4025 2436 4083 ut
2494 4034 2604 4079 re-

81 4161 304 4231 gnum
358 4136 448 4203 ad
499 4137 718 4207 filium
769 4136 1181 4217 transferret,
1236 4142 1462 4199 tamen
1515 4131 1863 4199 Genserici
1922 4132 2308 4201 constitutio
2360 4155 2399 4197 a
2421 4131 2611 4198 Van-

89 4258 268 4325 dalis
323 4265 510 4325 tanta
560 4256 822 4347 pietate
871 4252 1359 4322 observabatur
1375 4300 1397 4338 ,
1465 4260 1544 4320 ut
1609 4250 1991 4319 Hunericus
2040 4249 2111 4318 id
2130 4300 2149 4333 ,
2196 4249 2411 4338 ·quod
2484 4248 2613 4318 sibi

86 4375 484 4469 proposuit,
537 4396 972 4465 nequaquam
1025 4372 1283 4461 assequi
1339 4382 1588 4463 posset.
