3229 5225
1887 222 1967 290 12

661 431 782 502 ges
849 406 1156 477 rudiores
1229 403 1466 490 fnisse,
1545 425 1751 493 quam
1804 412 1881 471 ut
1939 401 2027 470 de
2077 400 2353 493 legibus
2404 399 2697 470 ferendis
2774 411 2993 494 atque
3058 404 3165 470 co!

659 527 950 620 ligendis
1039 546 1366 613 umquam
1435 523 1862 614 cogitassent.
1982 521 2271 590 Exstant
2352 543 2511 589 sane
2596 522 2909 613 singulae
2995 524 3165 613 leg-e

663 647 962 739 optimae
1014 669 1053 712 a
1107 643 1476 712 Genserico
1531 639 1817 732 ejusque
1874 641 2364 710 successoribus
2414 643 2895 734 promulgatae
2912 693 2935 727 ‚
3014 665 3165 730 qua

661 791 702 834 a
754 764 1196 856 scriptoribus
1245 762 1632 832 traduntur.
1737 759 2165 846 GensericuS,
2207 758 2357 850 jam
2412 761 2605 828 initio
2655 761 2851 852 regni
2871 811 2892 846 ‚
2950 770 3164 827 contr

660 884 1150 976 impudicitiam
1219 881 1685 973 promulgavit
1758 878 2235 948 severissimam
2284 880 2514 972 legem
2534 933 2551 964 ‚
2658 903 2838 971 quae
2902 903 2947 946 a
3032 880 3161 947 Sal

661 1005 858 1072 viano
908 1002 1157 1074 tradita
1175 1051 1198 1086 ‚
1257 999 1548 1070 ostendit
1567 1049 1586 1084 ‚
1663 1022 1871 1091 quam
1951 998 2131 1067 bene
2211 1021 2330 1066 rex
2408 1021 2695 1090 magnus
2756 999 3165 1068 intellexeril

661 1145 928 1192 morum
1016 1120 1474 1212 integritatem
1556 1141 1929 1212 regnorum
2018 1143 2160 1189 esse
2254 1119 2702 1187 firmissimum
2788 1118 3165 1188 fundamen

662 1252 808 1310 tum
831 1235 920 1310 ⁵⁵.
989 1241 1134 1308 Nec
1185 1261 1318 1308 non
1369 1261 1614 1330 pravas
1664 1239 2175 1308 consuetudines
2224 1239 2295 1307 in
2347 1235 2521 1304 ludis
2572 1239 2977 1308 circensibus
3041 1243 3164 1331 leg·

663 1361 910 1429 tollere
975 1359 1234 1429 studuit
1253 1348 1342 1426 ³⁶.
1413 1358 1643 1428 Etiam
1694 1359 1884 1451 leges
1938 1381 1979 1425 a
2021 1357 2367 1426 Genserici
2417 1359 2905 1426 successoribus
2941 1360 3165 1428 condi-

663 1491 775 1548 tae
839 1478 930 1546 ad
997 1500 1146 1550 nos,
1190 1488 1687 1570 pervenerunt,
1762 1478 2162 1570 praesertim
2234 1478 2353 1545 itta
2419 1477 2529 1546 lex
2600 1479 2928 1546 Hunerici
2948 1530 2965 1564 ‚
3058 1503 3165 1568 qua

663 1619 892 1668 omnes
937 1599 1008 1665 in
1055 1599 1342 1668 Arianos
1383 1598 1472 1665 ab
1507 1599 2033 1690 imperatoribus
2114 1607 2395 1665 statutas
2429 1620 2703 1689 poenas,
2748 1595 2911 1688 jure
2963 1611 3165 1666 retor-

662 1719 883 1804 sionis,
933 1719 1003 1784 in
1073 1741 1198 1788 suo
1273 1741 1490 1810 regno
1547 1719 1614 1784 in
1678 1717 2049 1785 catholicos
2106 1715 2512 1786 coercendos
2562 1716 2846 1786 adhibet
2868 1711 2957 1784 ⁵⁷.

871 1837 1293 1923 Gensericus‚
1344 1836 1542 1929 regni
1593 1837 1924 1923 conditor,
1977 1837 2235 1930 regiam
2292 1837 2666 1928 potentiam
2700 1849 2838 1906 tam
2880 1836 3164 1906 adauxit

663 1965 740 2026 ut
797 1956 1003 2024 etiam
1057 1957 1294 2047 legum
1369 1955 1801 2024 ferendarum
1878 1967 2287 2047 potestatem
2356 1956 2499 2024 sine
2552 1956 2800 2047 popuii
2850 1978 3165 2025 consensu

661 2076 1032 2145 exercuisse
1080 2075 1416 2144 videatur.
1467 2076 1683 2144 Nullo
1736 2076 1917 2144 enim
1968 2077 2123 2148 loco
2158 2075 2517 2143 concilium
2555 2075 2804 2167 populi
2842 2086 2963 2143 aut
3016 2100 3165 2166 pro-

664 2217 894 2264 cerum
951 2195 1020 2262 in
1068 2195 1529 2262 vandalorum
1583 2217 1806 2287 regno
1857 2205 2448 2263 commemoratur.
2553 2196 2780 2280 Quam
2833 2193 3165 2285 majorem

663 2324 1071 2407 potestatem
1095 2313 1494 2382 Gensericus
1546 2314 1675 2381 sibi
1728 2336 2152 2405 comparasse
2202 2314 2487 2400 videtur,
2528 2335 2859 2405 oppressa
2912 2337 3165 2405 proce-

663 2455 819 2502 rum
866 2455 1144 2502 suorum
1195 2431 1685 2523 conjuratione,
1744 2434 1864 2522 qui
1914 2434 2096 2525 regis
2148 2436 2608 2519 voluntatem,
2662 2433 2959 2522 antiquo
3004 2434 3165 2502 Ger·

661 2552 924 2622 manico
981 2574 1214 2638 more,
1285 2553 1486 2623 etiam
1538 2553 1606 2619 in
1658 2575 1875 2645 regno
1944 2575 2172 2645 nuper
2224 2553 2540 2638 condito,
2618 2545 3164 2624 circumscribet-t*

661 2672 1062 2741 studuerunt
1114 2683 1323 2761 atque
1375 2674 1608 2765 regiae
1664 2674 1989 2766 potestati
2040 2673 2505 2742 extendendae
2544 2698 2619 2741 se
2667 2688 3163 2765 opposuerunt.

665 2790 918 2861 Occisis
969 2814 1188 2883 paene
1241 2792 1587 2879 omnibus«,
1660 2795 1779 2885 qui
1845 2795 2018 2862 inter
2069 2792 2413 2863 Vandalos
2480 2792 2839 2861 nobilitate
2890 2797 3160 2862 excelle

662 2911 832 2978 bant
851 2901 957 2997 ⁵⁸,
1036 2911 1434 2980 Gens-ericus
1483 2935 1774 3004 regnum
1826 2938 2044 2998 suum,
2086 2914 2367 2981 nemine
2416 2911 2853 3004 prohibente,
2911 2912 3161 3005 legibut

664 3029 982 3098 ordinare
1030 3032 1280 3122 potuit.
1384 3032 1498 3099 Ab
1566 3032 1703 3099 hoc
1772 3043 2085 3125 tempore
2138 3034 2319 3124 regis
2372 3043 2673 3124 potestas
2722 3040 2864 3099 tam
2916 3022 3160 3103 firmati

664 3162 828 3235 erat,
883 3161 962 3219 ut
1011 3173 1374 3242 procerum
1427 3153 1794 3221 auctoritas
1846 3155 2053 3243 plane
2104 3161 2550 3219 evanesceret.
2622 3151 2759 3217 Hic
2808 3172 2931 3218 rex
2950 3152 3159 3274 igitur

659 3291 868 3360 penes
907 3293 1113 3359 quem
1137 3294 1344 3341 unum
1381 3294 1460 3339 ac
1481 3272 1702 3340 solum
1738 3272 1971 3364 legum
2004 3272 2437 3339 ferendarum
2475 3279 2776 3361 potestas
2800 3280 2971 3354 erat,
3038 3294 3157 3340 mea

662 3389 939 3477 quidem
991 3392 1356 3477 sententia,
1424 3391 1556 3458 hac
1609 3401 1949 3481 potestate
1999 3414 2153 3461 usus
2206 3400 2341 3476 est,
2396 3400 2473 3459 ut
2526 3390 2733 3459 totius
2786 3392 2982 3481 regni
3048 3405 3157 3465 stffl‘

661 3515 808 3574 tum
861 3508 1021 3599 lege
1070 3509 1554 3578 fundamentali
1605 3510 1951 3580 ordinaret
1972 3561 1991 3597 ,
2046 3509 2237 3599 quod
2290 3532 2373 3577 ex
2424 3508 2529 3577 his
2569 3508 2793 3577 verbis
2839 3466 3156 3603 Procopi

663 3623 1001 3717 conjicio:

867 3743 1160 3839 „Xgm'vov
1201 3746 1270 3813 δὲ
1321 3746 1552 3835 ὀλίγον
1587 3750 1957 3841 Γιζέριχος
2000 3747 2307 3831 ἐπιβιοὺς
2346 3746 2686 3832 ἐτελεύτα,
2756 3748 2985 3842 πόρρω
3039 3776 3151 3818 που

662 3862 784 3955 ἤδη
831 3860 1099 3954 ἦλικίας
1135 3861 1313 3956 ἥκων
1351 3866 1684 3959 διαθήκας
1722 3867 2133 3961 διαθέμενος,
2196 3868 2278 3935 ἐν
2326 3868 2467 3942 αἶς
2514 3864 2761 3934 ἄλλα
2812 3896 2907 3936 τε
2966 3866 3152 3939 πόλέ

661 3982 769 4049 λα
821 3982 1316 4059 Βανδίλοις
1383 3982 2013 4076 ἑπέσκηψεκαὶ
2065 3986 2182 4078 τὴν
2238 3986 2601 4070 βασιλείαν
2661 3985 2757 4053 ἀεὶ
2816 3989 3151 4087 ΒιιενδίλαιτΞ

661 4098 746 4175 ἐς
779 4102 1026 4171 τοῦτον
1057 4103 1240 4186 ἰέναι,
1293 4099 1368 4178 ὃς
1405 4099 1484 4170 ἂν
1521 4102 1592 4171 ἐκ
1632 4102 1837 4191 γόνου
1868 4102 2141 4199 ἄρρενος
2198 4098 2390 4192 aba-gv
2431 4107 2781 4199 Γιζερίχςυ
2834 4108 3027 4174 κατὰ
3068 4108 3151 4193 ’γὲ

660 4242 772 4292 νος
809 4222 1156 4313 προςῆκων
1209 4224 1482 4315 πρῶτος
1521 4218 1609 4291 ὢν
1652 4219 1967 4293 ἁπάντων
2006 4229 2141 4292 τῶν
2180 4217 2401 4293 αὐτοῦ
2464 4222 2814 4311 ξυγγενῶν
2861 4224 2984 4314 τὴν
3033 4226 3149 4316 59>st-

659 4338 804 4403 κίαν
846 4332 1135 4425 ‘nixum‘
