3229 5225
1908 235 1945 300 4

1750 334 1807 343 ,ἡ
1822 331 2098 344 -————-—--ae—-——-

1095 463 1228 549 II.
1328 461 1956 584 {sisigotlzzz

842 656 1184 749 visigothi
1238 657 1323 722 ab
1379 653 1821 746 Ostrogothis
1872 655 2167 744 separati
2219 654 2539 722 familiam
2594 654 2877 744 priscam
2931 655 3183 746 regiam

691 759 863 845 inter
915 800 986 844 se
1038 798 1174 842 non
1225 774 1596 842 habebant.
1675 774 1822 842 Etsi
1875 773 2086 864 igitur
2137 796 2389 864 „super
2436 797 2510 841 se
2562 773 2906 842 Alaricum
2958 797 3183 865 regem

694 897 1102 980 ordinarent,
1157 896 1265 964 cui
1319 905 1464 962 erat
1503 904 1663 984 post
1702 893 1979 961 Amalos
2014 894 2306 962 secunda
2356 894 2670 962 nobilitas
2701 891 3183 962 Baltharnm-

691 1038 832 1110 que
885 1037 966 1082 ex
1018 1037 1272 1104 genere
1341 1012 1545 1105 origo
1620 1012 1953 1078 mirifica“
1982 1002 2081 1079 ¹³:
2153 1014 2314 1080 huic
2382 1025 2607 1082 tamen
2676 1013 2909 1104 generi
2981 1014 3183 1103 prisci

694 1135 991 1204 familiae
1043 1133 1276 1222 regiae
1326 1133 1563 1200 deerat
1618 1132 1965 1200 autoritas.
2036 1133 2501 1218 Quamobrem
2527 1131 2677 1223 jam
2728 1132 2819 1198 ab
2870 1132 3065 1199 initio
3094 1131 3183 1222 jur

697 1252 1038 1324 electionis
1091 1253 1532 1340 praevalebat
1587 1252 1657 1318 in
1698 1250 2214 1343 visigothorum
2266 1274 2507 1344 regno.
2564 1251 2707 1319 Sed
2742 1252 3009 1342 regium
3053 1275 3183 1320 san·

697 1373 973 1466 guinem
1033 1392 1168 1436 non
1239 1373 1445 1462 plane
1513 1372 1919 1440 omittebant
1968 1370 2038 1437 in
2092 1371 2423 1462 eligendis
2491 1370 2767 1462 regibus
2839 1371 3183 1462 visigothi

699 1495 810 1560 Ex
862 1487 1278 1560 Theoderici
1332 1490 1586 1557 familia
1658 1489 1960 1580 quinque
2031 1512 2229 1582 reges
2280 1490 2733 1558 succedebant
2757 1478 2845 1557 ¹4.
2948 1486 3073 1560 Ab
3140 1513 3183 1556 e«

699 1635 866 1679 vero
918 1622 1255 1699 tempore,
1313 1633 1452 1698 quo
1505 1610 1703 1701 regni
1745 1608 1936 1678 sedes
1970 1608 2041 1675 in
2074 1609 2405 1699 Hispania
2438 1610 2721 1680 fundata
2748 1620 2913 1693 erat,
2967 1620 3183 1700 apert·

703 1732 1124 1798 declaratum
1178 1738 1316 1809 est,
1393 1730 1656 1796 nullum
1709 1751 1850 1797 esse
1900 1729 2323 1797 successionis
2398 1729 2708 1813 titulum,
2788 1727 2907 1796 nisi
2962 1730 3183 1818 popu]

705 1849 1125 1919 electionem.
1181 1845 1443 1916 Concil.
1502 1847 1755 1914 Toled.
1813 1847 1970 1914 Vll.
2032 1870 2178 1914 can.
2232 1848 2350 1916 17.
2420 1849 2572 1915 Hac
2624 1847 2882 1916 ratione
2936 1847 3183 1938 Visigo

705 1971 986 2038 thorum
1060 1989 1348 2057 regnum
1420 1989 1504 2034 ex
1575 1965 2048 2034 hereditario·-
2074 1967 2375 2036 electicio
2427 1968 2493 2034 in
2545 1988 2747 2035 mere
2816 1964 3183 2034 elec-ticini

705 2097 1039 2159 mutatum
1094 2097 1213 2154 est.

1119 2247 1310 2334 III.
1373 2247 1476 2332 F
1487 2279 1534 2332 r
1561 2282 1619 2335 a
1648 2282 1706 2336 n
1732 2285 1776 2334 c
1800 2255 1853 2336 ἰ.

863 2441 1112 2508 Franci
1165 2441 1519 2508 sumebant
1571 2442 1660 2508 ab
1712 2440 2181 2530 antiquissimis
2234 2443 2657 2534 temporibus
2709 2465 2907 2533 reges
2946 2464 3030 2508 ex
3064 2445 3183 2512 Me

717 2563 1159 2653 toringorum
1184 2582 1460 2650 genere,
1517 2561 1765 2648 quibus
1788 2569 2253 2653 portentosam
2281 2562 2612 2655 originem
2639 2561 3117 2633 attribuebant
3144 2557 3183 2595 ¹⁹

714 2683 918 2751 Initio
971 2702 1123 2749 cum
1173 2679 1310 2746 hoc
1361 2680 1931 2771 Merovingorum
1953 2678 2119 2772 jure
2151 2682 2587 2771 hereditario,
2642 2694 2719 2752 ut
2753 2682 2940 2775 apud
2991 2704 3181 2749 omna

719 2800 1160 2870 Germanicos
1217 2801 1542 2892 populos,
1601 2799 1843 2868 electio
1896 2811 2043 2871 erat
2094 2799 2475 2892 conjuncta.
2546 2802 2799 2888 „Juxta
2851 2824 3081 2895 pagos
3122 2826 3181 2882 vn

723 2921 1021 2990 civitates
1071 2941 1270 3009 reges
1331 2919 1600 2987 crinitos
1656 2942 1863 3011 super
1900 2943 1971 2987 se
1993 2920 2295 2988 Francos
2331 2923 2705 2991 creavisse
2755 2922 2844 2989 de
2895 2921 3135 3012 prima
3176 2957 3178 2974 ι

723 3052 801 3109 ut
852 3040 948 3106 ita
999 3038 1221 3104 dicam
1273 3037 1591 3105 nobiliori
1643 3060 1917 3107 suorum
1971 3038 2297 3125 familia“‚
2350 3038 2731 3131 Gregorius
2763 3040 2997 3108 tradit.

878 3154 1356 3226 Chlodovaeus
1381 3208 1400 3244 ,
1479 3157 1711 3247 magni
1766 3157 2185 3225 Francorum
2239 3158 2435 3248 regni
2485 3159 2555 3224 in
2608 3158 2837 3225 Gallia
2888 3157 3179 3227 condite

727 3289 913 3347 tanta
964 3278 1277 3369 pollebat
1330 3277 1673 3368 potentia,
1743 3286 1819 3343 ut
1870 3274 2173 3343 dividere
2226 3285 2503 3367 possent
2558 3274 2703 3367 ejus
2754 3276 2877 3344 filii
2928 3276 3125 3343 inter

725 3398 1108 3487 provincias
1180 3398 1375 3489 regni
1453 3397 1643 3486 quasi
1719 3395 2200 3488 patrimonium
2275 3395 2591 3464 familiae.
2686 3395 2749 3462 A
2803 3394 3177 3465 Chlodova

725 3516 1152 3605 temporibus
1205 3516 1453 3605 populi
1508 3517 1750 3584 electio
1800 3539 2018 3606 paene
2072 3517 2342 3584 evanuit
2393 3526 2602 3606 atque
2645 3514 3073 3583 Francorum
3142 3540 3176 3584 r

726 3656 938 3723 gnum
991 3632 1244 3701 sactum
1297 3641 1396 3699 est
1447 3654 1635 3699 mere
1668 3632 2180 3703 hereditarium.
2235 3634 2431 3702 Haec
2460 3634 2753 3704 strictior
2788 3634 2979 3727 apud
3022 3634 3175 3702 Fra

730 3772 844 3817 cos
886 3746 1063 3840 juris
1114 3748 1508 3817 hereditarii
1561 3748 1782 3817 forma
1818 3773 1857 3816 a
1892 3750 2337 3842 scriptoribus
2388 3752 2717 3843 expressis
2767 3753 2991 3821 verbis
3046 3776 3175 3821 con

729 3875 1147 3936 memoratur
1172 3857 1256 3936 ¹⁶.

939 3986 1232 4079 Semper
1299 3987 1476 4057 filius
1545 3988 1730 4079 regis
1798 3987 1983 4077 patri
2032 3988 2358 4057 defuncto
2410 3988 2770 4058 succedere
2822 3986 3173 4059 debebat¹

732 4108 923 4195 quod
975 4108 1042 4173 in
1096 4107 1330 4176 ceteris
1384 4104 1885 4176 Germanorum
1953 4108 2183 4200 regnis
2254 4131 2389 4175 non
2442 4120 2579 4177 tam
2632 4110 2859 4179 stricte
2913 4111 3171 4179 observ.

729 4228 958 4295 batur.
1011 4225 1414 4318 Impuberes
1466 4224 1642 4293 filios
1693 4226 1873 4319 regis
1925 4226 2223 4297 defuncti
2280 4250 2316 4293 a
2366 4251 2583 4321 regno
2636 4229 3021 4318 excludere,
3080 4254 3171 4299 co}

734 4355 838 4411 tra
879 4344 996 4436 jus
1050 4368 1127 4413 ac
1179 4368 1401 4414 mores
1453 4345 1882 4413 Francorum
1936 4358 2103 4415 erat.
