3229 5225
1936 283 2019 348 2⁰

723 465 1103 562 principio
1171 465 1277 534 ad
1342 483 1659 556 regnum
1730 467 2209 554 pervenerat.
2314 455 2709 526 Gunderico
2780 454 2951 521 enim
3012 454 3125 523 frati

735 592 1162 654 successerat
1185 582 1617 666 Gensericus‚
1670 601 2089 672 quamquam
2130 578 2249 647 ille
2300 578 2540 668 plures
2592 575 2774 644 filios
2828 565 3125 662 reliquerat

735 705 945 772 Suam
995 703 1210 793 ipsius
1261 701 1477 793 igitur
1551 700 2059 769 successionem
2112 696 2521 765 Gensericus
2574 691 3128 762 constitutionem

734 821 1176 914 postmodum
1225 821 1604 913 legitimam
1672 817 2040 886 declaravit
2104 826 2314 906 atque
2386 827 2607 882 ratum
2680 810 2957 895 habuit,
3022 807 3129 897 quod

734 945 876 1033 ipse
929 963 1216 1031 regnum
1269 953 1619 1028 acceperat
1672 937 1963 1006 exclusis
2016 936 2243 1004 fratris
2293 933 2593 1002 defuncti
2644 931 2823 1000 filiis.

947 1059 1034 1150 2)
1089 1059 1168 1126 Si
1235 1057 1645 1127 Gensericus
1724 1057 1929 1124 talem
2005 1056 2233 1146 legem
2252 1103 2271 1140 ,
2348 1075 2486 1142 qna
2552 1048 2965 1118 individuam
3022 1043 3129 1133 regii

735 1189 1043 1246 naturam
1117 1177 1560 1246 constituerat
1577 1226 1598 1260 ‚
1670 1197 1805 1242 non
1874 1174 2404 1264 promulgasset,
2476 1172 2617 1239 sine
2686 1168 2901 1236 dubio
2979 1185 3129 1231 omues

735 1295 884 1386 ejus
950 1295 1110 1379 filii,
1183 1305 1260 1363 ut
1331 1295 1458 1364 filii
1521 1293 1995 1378 chlodovaei,
2088 1293 2473 1382 portionem
2536 1287 2733 1380 regni
2804 1284 3129 1372 accepissent

739 1411 1262 1484 Privabantm·
1335 1413 1550 1504 igitur
1623 1411 2134 1502 quodammodo
2193 1409 2500 1502 juniores
2566 1407 2729 1494 filii,
2808 1405 3022 1475 salutis
3070 1423 3129 1487 pi

735 1534 958 1601 blicae
1027 1553 1254 1600 caussa
1277 1585 1296 1617 ‚
1375 1532 1788 1600 successione
1814 1583 1833 1618 ,
1938 1553 2118 1622 quae
2182 1528 2329 1597 filio
2394 1527 2691 1595 maximo
2762 1524 2895 1592 soli
2957 1520 3129 1588 addice

738 1653 966 1719 batur.
1070 1650 1538 1735 Quamobrem
1613 1650 1725 1718 lex
1802 1648 2241 1720 successionis
2306 1647 2401 1715 ita
2468 1643 2875 1712 instituenda
2924 1647 3129 1722 erana!

741 1770 968 1857 aliqua
1023 1767 1424 1835 succedendi
1473 1791 1622 1856 spes
1692 1768 2097 1859 postgenitis
2136 1752 2586 1846 remaneret,
2658 1785 2745 1830 ne
2818 1758 3075 1829 exclusio
3103 1753 3129 1817 ii

742 1887 937 1957 nimis
986 1886 1160 1953 dura
1226 1887 1594 1954 videretur.
1668 1885 2217 1977 Primogenitura
2268 1895 2494 1952 autem
2544 1881 2966 1963 introducta,
3024 1894 3129 1941 nun

743 2029 949 2096 quam
1019 2006 1440 2095 postgenitus
1505 2006 1685 2072 filius
1734 2006 1844 2073 vel
1898 2027 1938 2071 a
1989 2004 2375 2096 postgenito
2446 2001 2770 2071 oriundus
2843 1998 2930 2067 ad
2974 2013 3129 2064 succes

743 2126 996 2194 sionem
1063 2124 1438 2193 admittitur
1459 2174 1478 2205 ‚
1589 2123 1914 2213 quamdiu
1992 2123 2424 2215 antegenitus
2508 2121 2620 2187 vel
2690 2120 2779 2186 ab
2850 2109 3129 2204 antegeniu

745 2243 1066 2312 oriundus
1123 2242 1335 2310 adt-st.
1439 2243 1594 2308 Non
1646 2242 1866 2310 solum
1936 2242 2113 2310 filius
2180 2240 2506 2309 maximus
2587 2240 2777 2330 ipse,
2854 2235 2965 2304 sed
3021 2230 3129 2298 etin

745 2360 893 2452 ejus
941 2361 1118 2428 linea
1176 2361 1242 2425 in
1295 2360 1626 2427 infinitum
1680 2359 1977 2430 excludit
2017 2359 2325 2452 juniores
2362 2359 2622 2444 fratres,
2677 2357 2925 2448 quibus
2972 2360 3129 2419 tantun

745 2501 899 2570 spes
955 2476 1358 2545 succedendi
1411 2476 1610 2544 valde
1686 2490 1947 2547 remota
2015 2479 2441 2569 relinquitur.
2550 2475 2811 2545 Contra
2878 2471 3129 2542 senioratu

736 2603 916 2689 post
968 2595 1184 2665 filium
1237 2596 1771 2688 primogenitum
1824 2610 2165 2668 mortuum
2217 2621 2353 2665 non
2390 2608 2589 2666 vocat
2623 2595 2711 2664 ad
2761 2591 3127 2664 successionem

743 2716 1180 2807 primogeniti
1233 2716 1500 2801 lineam,
1551 2715 1671 2784 sed
1723 2740 1919 2804 eum,
1972 2719 2094 2807 qui
2143 2728 2287 2785 tum
2340 2717 2526 2785 annis
2574 2715 2901 2783 maximus
2950 2720 3050 2793 est,
3084 2724 3127 2769 vt

747 2831 1110 2902 risimiliter
1159 2834 1372 2926 igitur
1421 2835 1701 2905 fratrem
1753 2850 2144 2926 sequentem
2194 2836 2380 2928 regis
2430 2834 2751 2903 defuncti.
2810 2832 2978 2902 Cum
3021 2824 3127 2917 igitu

746 2951 1136 3022 introducto
1187 2954 1525 3021 senioratu
1576 2955 1791 3022 multo
1845 2954 2064 3045 major
2114 2977 2270 3046 spes
2326 2952 2728 3023 succedendi
2776 2950 3071 3019 fratribus
3086 2938 3127 3028 ju

750 3072 1052 3139 nioribus
1101 3071 1524 3160 relinquatur
1543 3120 1564 3155 ‚
1637 3072 1971 3141 conditori
2048 3074 2221 3164 legis
2292 3073 2735 3141 successoriae
2792 3070 3021 3138 certius
3061 3076 3127 3148 spe

749 3214 902 3259 rare
952 3191 1114 3257 licet
1163 3190 1352 3273 fore,
1425 3202 1502 3259 ut
1554 3202 1715 3283 post
1764 3215 1954 3260 suam
2032 3203 2321 3261 mortem
2392 3190 2765 3284 postgeniti
2820 3188 2937 3258 tali
2981 3194 3127 3252 succan

749 3310 948 3379 sionis
1001 3310 1146 3402 legi
1197 3331 1267 3379 se
1317 3309 1697 3401 subjiciant,
1754 3335 1931 3401 quae
1980 3312 2175 3380 fratri
2210 3310 2673 3403 primogenito
2710 3306 3009 3378 concedit
3038 3312 3127 3391 pra*

749 3429 1132 3520 rogativam
1181 3451 1384 3498 mere
1423 3432 1927 3522 personalem.
2029 3431 2259 3501 Multa
2324 3430 2537 3521 igitur
2609 3428 2927 3521 exempla
2989 3426 3125 3489 exsta

751 3547 822 3609 in
873 3546 1152 3613 historia
1206 3547 1612 3617 familiarum
1664 3551 2047 3635 illustrium,
2102 3551 2351 3640 quibus
2401 3549 2573 3640 legis
2612 3544 3039 3618 successoriac
3068 3552 3125 3601 c⁰¹

755 3661 936 3727 «litor
989 3662 1145 3751 (qui
1192 3663 1482 3754 primus
1533 3668 2035 3754 successionem,
2090 3690 2297 3756 quam
2336 3690 2676 3752 vocamm,
2730 3654 3125 3735 individuali*

756 3781 1067 3850 omnibus
1119 3780 1553 3849 divisionibus
1605 3785 1849 3869 vetitis,
1903 3785 2340 3877 praescribit)
2395 3786 2701 3878 praefert
2753 3772 3125 3877 primogeniu

757 3921 876 3971 rae
928 3899 1374 3985 senioratum,
1449 3903 1717 3995 quippe
1788 3904 1906 3992 qui
1985 3906 2203 3999 magis
2268 3915 2507 3997 parcat
2578 3905 2728 3997 spei
2781 3927 2860 3973 ac
2910 3884 3125 3969 desideri

759 4018 1310 4110 postgenitorum
1334 4012 1424 4088 ⁷¹.

968 4138 1053 4229 3)
1094 4137 1270 4206 Sine
1321 4139 1532 4209 dubio
1603 4142 2145 4233 primogenitura
2218 4143 2479 4233 optima
2548 4143 2617 4209 in
2684 4158 3047 4234 regnorum
3086 4144 3125 4194 ⁵¹¹

759 4257 1054 4326 cessione
1103 4280 1342 4329 norma
1413 4270 1554 4346 est‚·
1605 4276 1819 4351 'quae
1888 4260 2381 4330 immutabilem
2452 4284 2529 4329 ac
2600 4272 2851 4331 certam
2918 4246 3123 4324 constit

762 4385 1167 4464 agnatorum
1218 4380 1458 4451 seriem
1513 4389 1719 4467 atque
1772 4380 2128 4448 maximam
2196 4381 2619 4451 successionis
2672 4380 2958 4473 praebet
3004 4386 3121 4441 secu
