3229 5225
1272 221 1356 286 35

47 397 348 454 senatoria
393 399 808 470 nuncupatur,
856 397 948 454 ita
991 397 1116 473 qui·
1145 414 1226 452 ea:
1268 397 1394 454 hac
1430 393 1689 471 familia
1728 400 2163 474 progreditur,
2206 419 2405 476 regno
2458 402 2557 458 ‹Ii-

45 483 398 558 gnis-semus
441 481 894 554 approbarim-5⁶
979 479 1104 540 Sed
1147 497 1282 539 cum
1327 483 1462 556 ipse
1504 482 1743 552 sentiat,
1778 482 1881 558 jus
1920 501 2095 542 suum
2130 484 2561 544 hereditarium

49 585 227 644 egere
275 565 571 624 electione
613 565 874 642 populi,
891 564 1126 624 Gothos
1168 584 1314 624 suos
1359 566 1661 640 admonet,
1704 570 1775 624 ut
1818 568 2019 644 ipsum
2049 569 2363 646 eligerent,
2412 589 2561 644 quo-

51 651 228 708 modo
276 669 482 708 eorum
528 650 784 727 maiores
829 650 970 708 olim
1015 669 1194 709 avum
1241 650 1683 710 Theodericum
1746 651 2106 730 elegissent.
2179 653 2416 730 „Cujus
2462 674 2561 712 or-

51 736 339 793 dinationi
381 737 464 793 ita
507 740 858 794 cunctorum
902 740 1041 794 vota
1085 738 1226 797 sunt
1269 737 1516 810 sociata,
1559 741 1629 796 ut
1658 756 1843 796 unum
1868 739 2147 800 crederes
2186 741 2577 822 promittere,

51 821 213 896 quod
259 821 621 898 generalitas
666 821 982 880 videbatur
1026 824 1260 898 optare.
1349 823 1485 881 Hoc
1519 841 1624 882 vos
1662 826 1981 898 sequentes
2016 823 2375 900 exemplum,
2421 845 2559 901 per-

54 907 257 985 agite“
303 908 415 964 etc.
465 905 736 969 Cassiod.
779 906 950 980 VIII,
994 910 1052 964 5.

226 1015 326 1066 11.
367 1003 659 1068 Jornand.
723 1008 799 1068 de
855 1027 1023 1085 regn.
1083 1009 1483 1067 successione.
1574 1007 1911 1068 Marcellini
1970 1009 2302 1070 chronicon
2362 1011 2561 1082 (Ron-

51 1093 267 1151 callius
309 1093 394 1166 11,
437 1111 496 1168 p.
543 1093 738 1169 322)3
813 1093 992 1168 „Quo
1037 1096 1304 1169 tempore
1363 1093 1715 1154 Theodatus
1760 1085 1865 1152 rex
1936 1095 2275 1156 Gothorum
2320 1095 2561 1157 Amala-

50 1179 332 1238 suntham
374 1178 643 1254 reginam
689 1181 1060 1237 c1·eatr1’cem
1102 1197 1282 1239 suam
1341 1179 1414 1253 (i.
1437 1197 1490 1238 e.
1539 1198 1695 1254 quae
1740 1198 1876 1238 eum
1920 1200 2122 1259 regem
2173 1180 2429 1260 creavit)
2484 1182 2559 1238 de

49 1282 242 1342 regno
287 1223 524 1338 pulsaom
567 1263 798 1322 occidit.
809 1267 848 1297 ‘f‘

227 1371 326 1426 12.
371 1363 541 1422 Jorn.
590 1383 722 1440 cap.
771 1371 872 1422 60.
917 1365 1182 1438 Procop.
1231 1363 1306 1421 de
1352 1363 1510 1422 bello
1557 1365 1741 1423 Gothi
1746 1366 1894 1435 col,
1960 1385 2091 1442 cap.
2126 1373 2239 1426 113
2289 1360 2553 1428 rot-901

48 1438 364 1530 Ουιτίγιν
406 1444 703 1522 βασιλέα
747 1443 1010 1510 εἱλοντο
1075 1439 1283 1532 ανδρα
1332 1444 1542 1524 οἰκίας
1587 1437 1709 1508 οὐκ
1759 1444 2123 1528 ἐπιφανοῦς
2167 1441 2334 1512 ὅιντι
2380 1456 2492 1508 etc.

227 1557 324 1610 13.
369 1550 540 1608 .Ῐοι·ιι.
589 1550 666 1609 de
707 1550 886 1608 rebus
933 1550 1071 1612 Get.
1115 1569 1252 1625 cap.
1301 1557 1402 1610 29.
1443 1550 1614 1608 Jorn.
1663 1569 1791 1626 ειμι)
1843 1558 1901 1608 5.
1951 1552 2181 1624 „Gothi
2224 1551 2398 1610 divisi
2446 1573 2557 1628 per

45 1633 338 1709 familias,
413 1635 705 1712 visigothi
751 1635 1012 1694 familiae
1075 1635 1470 1707 Baltharum,
1549 1635 1898 1714 ostrogothi
1980 1637 2307 1714 praeclaris
2373 1637 2557 1695 Ama-

48 1718 122 1778 lis
174 1721 556 1781 serviebantf
539 1723 578 1754 “

227 1828 328 1880 14.
375 1821 875 1893 ThorismunduS,
911 1818 1324 1884 Theodericus
1370 1820 1455 1894 ΙΙ,
1498 1821 1775 1895 Eu11cus
1795 1821 2073 1882 Alaricus
2092 1823 2176 1896 ΙΙ,
2214 1823 2553 1885 Gesalicus.

43 1907 409 1980 Asehbach,
456 1907 816 1966 Geschichte
861 1907 969 1965 der
1013 1907 1404 1986 Westgothen
1447 1925 1507 1984 p.
1557 1913 1699 1965 113.
1749 1927 1806 1982 p.
1856 1914 2003 1966 258.

221 2013 329 2065 1.5
382 2010 595 2084 Georq
644 2008 844 2067 llaitz
888 2007 972 2081 ΙΙ,
1016 2028 1074 2083 p.
1122 2013 1224 2067 37.
1315 2006 1571 2084 Gregor.
1619 2007 1719 2080 11,
1778 2025 1911 2084 cap.
1961 2014 2020 2065 9.
2112 2005 2301 2066 Gesta
2342 2009 2553 2067 Franc-

48 2109 191 2168 cap.
235 2099 293 2150 6.
339 2093 497 2150 Hist.
547 2094 692 2170 epit.
739 2111 873 2168 cap.
937 2099 994 2152 9.

231 2200 329 2289 16.
377 2195 762 2288 Theophanis
807 2193 1124 2294 chronogr.
1174 2193 1268 2252 ed.
1314 2192 1565 2252 Classen
1610 2213 1671 2269 p.
1725 2194 1883 2253 6193
1942 2183 2096 2263 ἔθος
2138 2185 2265 2272 ’γὰρ
2313 2175 2391 2274 ἧν
2437 2213 2555 2252 αυ-

45 2276 199 2350 τοῖς
240 2269 355 2338 τὸν
403 2267 631 2364 κύριον
680 2265 904 2340 αὐτων
932 2299 1086 2360 ητοι
1134 2271 1252 2340 τὸν
1287 2273 1480 2380 ῥηγα.
1510 2269 1738 2339 κατὰ
1780 2272 2020 2357 γένος
2057 2297 2236 2361 αοχε
2209 2296 2320 2336 ιν.
2368 2277 2555 2336 Fulco

43 2366 108 2420 in
159 2363 479 2422 flodoardi
523 2365 661 2423 hist.
709 2365 880 2422 Rem.
929 2364 1034 2434 IV,
1079 2370 1152 2421 53
1211 2407 1251 2437 ,,
1235 2363 1418 2438 ,quod
1463 2363 1524 2420 in
1570 2363 1843 2421 omuibus
1888 2379 2081 2438 paene
2126 2362 2402 2439 gentibus
2447 2381 2557 2420 no-

41 2455 136 2506 tui
119 2469 186 2506 vu
230 2449 741 2526 fumigantem
797 2451 1165 2507 Fiancorum
1212 2468 1384 2526 leges
1433 2469 1512 2505 ex
1577 2449 1989 2507 successione
2032 2446 2255 2505 habere
2300 2465 2556 2506 consue-

36 2537 278 2592 visse.“
365 2535 645 2611 Gregorii
709 2535 790 2592 M.
857 2532 1103 2591 homilia
1171 2541 1280 2592 10·
1347 2535 1419 2591 Ιιι
1474 2533 1799 2592 Persarum
1865 2531 2351 2607 Francorumque
2394 2535 2558 2591 terra

35 2640 230 2699 reges
275 2640 352 2678 ex·
389 2639 628 2697 genere
676 2620 992 2697 prodeunt.

228 2729 323 2781 17.
370 2722 661 2799 Agathias
704 2722 757 2794 Ι,
788 2727 863 2793 3.
927 2717 1152 2795 παῖδες
1195 2714 1268 2780 ἐκ
1314 2714 1623 2819 πατέρων
1666 2710 1819 2819 τὴν
1843 2712 2203 2792 βασιλείαν
2220 2713 2557 2819 διαδεχό-

29 2828 128 2908 με
97 2826 260 2868 νοι.
303 2806 521 2884 Agath.
568 2808 622 2881 Ι,
665 2814 738 2865 43
813 2797 1038 2865 ἐκάλει
1083 2826 1160 2886 γε
1209 2792 1416 2865 αυτὸν
1489 2802 1573 2878 εἰς
1616 2796 1754 2887 τὴν
1788 2796 2153 2889 ἡγεμονίαν
2204 2798 2233 2863 ὁ
2282 2796 2560 2888 πάτριος

32 2886 268 2976 νόμος.
311 2891 566 2970 Gregor.
603 2848 750 2965 ’VIL
795 2898 869 2950 ⁷2
916 2891 1228 2967 „mortuo
1274 2889 1653 2967 Chilperico)
1698 2890 1931 2965 priores
1982 2906 2226 2963 quoque
2248 2888 2324 2947 de
2365 2908 2554 2967 regno

34 2978 382 3055 chilperici
425 2977 500 3036 ad
545 2976 734 3036 filium
778 2975 945 3052 ejus,
1007 2977 1108 3051 qui
1157 2977 1283 3033 erat
1329 2978 1588 3049 quatuor
1635 2976 1959 3046 mensium,
2007 2994 2072 3033 se
2116 2974 2555 3051 collegemntss

229 3102 326 3155 18.
373 3096 629 3172 Gregor.
675 3094 744 3151 V.
795 3102 912 3153 403
958 3094 1157 3167 „Ecce
1201 3094 1452 3151 mortuis
1497 3093 1783 3152 fratribus
1828 3094 1974 3150 meis
2021 3087 2247 3169 (inquit
2293 3090 2557 3149 Chlodo-

31 3200 236 3239 vacus
280 3180 610 3255 chilperici·
670 3178 862 3253 filius)
930 3178 1007 3237 ad
1050 3198 1145 3236 me
1185 3179 1406 3237 restitit
1453 3196 1633 3235 omne
1675 3195 1965 3253 regnum,
2030 3175 2173 3232 mihi
2220 3177 2559 3235 universae

35 3266 287 3326 Galliae
330 3265 725 3339 subjicientur
768 3264 1208 3341 imperiumque
1267 3263 1618 3320 universum
1662 3262 1807 3319 mihi
1857 3260 1980 3317 fata
2024 3258 2241 3337 largita
2286 3262 2440 3317 sunt.
2449 3262 2489 3293 ‘⁶

229 3375 327 3426 19.
371 3368 634 3439 Lo'bell,
680 3365 918 3443 Gregor
959 3382 1076 3423 von
1121 3365 1318 3423 Tours
1361 3382 1420 3439 p·
1469 3368 1617 3422 225.

223 3474 326 3527 20.
373 3468 558 3545 Greg.
602 3467 718 3541 III,
765 3471 882 3525 143
931 3464 1355 3538 „Mundericus
1399 3464 1625 3541 igitur,
1671 3465 1784 3539 qui
1830 3479 1903 3521 ee
1941 3468 2271 3537 parentem
2314 3462 2559 3538 regium

24 3554 424 3625 acl-serebat,
487 3553 680 3619 elatus
737 3552 1020 3627 superbia
1065 3552 1182 3608 ait:
1272 3512 1460 3624 Qumo
1477 3549 1620 3607 mihi
1668 3552 1728 3606 et
1775 3546 2147 3606 Theoderico
2193 3546 2369 3623 regi²
2458 3548 2561 3605 Sic

25 3640 216 3699 enim
259 3638 395 3695 mihi
438 3638 652 3695 solium
698 3637 866 3714 regni
931 3636 1188 3694 debetur
1230 3638 1298 3693 ut
1343 3634 1496 3691 illi.“
1569 3633 1719 3704 VII,
1764 3639 1885 3691 273
1952 3633 2123 3709 „Ego
2167 3632 2327 3709 regis
2378 3630 2561 3691 Chlo-

24 3723 309 3783 tacharii
354 3740 482 3781 sum
527 3723 688 3781 filius
732 3722 954 3796 (inquit
999 3720 1460 3796 Gundovaldus)
1531 3722 1592 3779 et
1636 3722 1874 3796 partem
1918 3720 2090 3797 regni
2136 3717 2211 3775 de
2256 3720 2557 3793 praesenti

33 3828 190 3869 sum
237 3810 658 3884 percepturus·
666 3810 704 3841 ‘⁶
749 3807 993 3879 Lo'bell,
1039 3826 1098 3882 p.
1147 3813 1292 3865 227.

221 3916 324 3968 21.
371 3910 611 3983 Sequm
653 3910 714 3967 in
757 3906 1107 3985 genealogia
1150 3924 1359 3981 regum
1388 3904 1922 3982 Langobardorum
1965 3920 2285 3961 excursum
2317 3902 2559 3959 doctum

22 4015 112 4055 ac
164 4012 482 4071 sagacem,
547 4012 724 4068 quem
772 3994 916 4051 Otto
961 3990 1124 4051 Abel
1167 3990 1383 4063 adjecit
1427 3988 1805 4046 translationi
1856 4006 2000 4045 suae
2062 3985 2241 4043 Pauli
2313 3986 2564 4042 Diaconi

22 4078 721 4155 (Geschiehtschreiber
783 4077 893 4136 der
951 4072 1282 4133 deutschen
1329 4074 1565 4131 Vorzeit
1618 4070 1835 4151 1849)
1898 4072 2238 4129 Johannes
2295 4068 2565 4140 Merkel,

22 4164 422 4224 Geschichte
469 4163 572 4223 des
618 4159 1258 4267 Langobardenrechts
1305 4178 1362 4233 p.
1416 4166 1512 4215 17.

223 4274 328 4325 22.
375 4264 549 4323 Paul.
594 4265 766 4324 Diac.
809 4263 864 4336 Ι,
913 4269 1030 4321 143
1089 4234 1385 4335 „Mortuis
1431 4259 1662 4315 interea
1706 4256 1849 4313 Ibor
1898 4259 1955 4312 et
2021 4255 2234 4327 Ayone
2292 4254 2566 4326 ducibus,

22 4352 326 4411 nolentes
363 4350 492 4426 jam
537 4350 695 4408 ultra
739 4346 1115 4425 Langobardi
1161 4364 1292 4405 esse
1337 4344 1448 4403 sub
1496 4342 1772 4415 ducibuS,
1819 4355 2023 4419 regem
2068 4339 2221 4413 sibi,
2281 4339 2359 4399 ad
2404 4342 2567 4397 cele-

2020 4446 2055 4499 3
2088 4442 2117 4476 ὑ
