3229 5225
1894 228 1935 293 8

662 417 732 490 in
807 411 1152 483 Pannonia
1221 405 1602 500 assignavit.
1693 404 1941 494 Ibique
1992 405 2280 475 Vandali
2350 416 2809 474 remanserunt
2861 429 2984 496 per
3036 405 3172 471 Lx.

665 555 871 602 annos
901 521 988 600 34.
1068 529 1328 616 Quinto
1399 526 1671 594 saeculo
1739 526 2011 594 ineunte
2058 527 2130 592 in
2181 526 2615 594 Germaniam
2684 523 3172 594 occidentalem

659 649 1043 744 progressi,
1125 645 1414 728 Vandali
1465 667 1622 715 cum
1674 644 1906 712 Alanis
1958 653 2029 713 et
2082 642 2319 714 Suevis
2362 643 2587 737 juncti
2636 644 2935 711 Francos
2992 667 3172 734 pro-2

661 743 990 862 fugavere
1039 789 1293 859 magno
1365 766 1637 857 proelio
1706 773 1913 854 atque
1980 765 2301 834 Rhenum
2369 764 2738 832 transivere
2788 785 2851 830 a.
2906 761 3053 830 406
3082 751 3164 828 ³⁵.

663 890 895 958 Gallia
961 910 1089 979 per
1158 895 1296 954 tres
1365 906 1577 952 annos
1645 881 1991 952 devastata
2010 935 2029 969 ,
2103 881 2393 965 Vandali
2464 892 2533 951 et
2582 881 2787 950 Alani
2840 891 2906 948 et
2957 879 3167 948 Sues-'i

661 1006 1064 1098 Hispaniam
1115 1011 1623 1096 occupaverunt
1710 1025 2000 1091 eamque
2048 1001 2223 1070 inter
2274 1025 2349 1070 se
2399 999 2805 1084 diviserunt,
2886 1000 3167 1066 Gallae·

663 1128 836 1195 ciam
887 1120 1178 1192 Vandali
1232 1132 1302 1191 et
1354 1119 1602 1207 Saevi,
1678 1120 1882 1190 Alani
1949 1119 2369 1189 Lusitaniam
2418 1131 2491 1190 et
2544 1118 3167 1210 Carthaginiensem

663 1243 1084 1337 provinciam
1140 1250 1208 1309 et
1241 1239 1534 1308 Vandali
1567 1239 1973 1332 cognomine
2008 1239 2259 1333 Silingi
2292 1239 2642 1308 Baeticam
2666 1239 2883 1306 sortiti
2904 1250 3061 1307 sunt
3088 1228 3172 1305 ³⁶.

667 1365 734 1434 A
787 1361 1083 1446 wallia,
1138 1358 1663 1451 visigothorum
1714 1381 1924 1452 rege,
1976 1359 2181 1427 Alani
2230 1367 2387 1428 sunt
2436 1359 2531 1426 ita
2590 1356 2961 1442 debilitati,
3044 1369 3172 1442 „ut

663 1483 888 1577 pauci,
940 1479 1061 1571 qui
1109 1477 1610 1569 superfuerant,
1652 1476 2025 1546 Gunderici
2073 1480 2257 1570 regis
2279 1477 2634 1546 Vandalici
2669 1477 3055 1569 patrocinio
3112 1501 3172 1560 se3

663 1599 1162 1692 subjugarent“
1188 1587 1254 1636 3⁷
1305 1605 1376 1664 et
1409 1620 1565 1666 cum
1586 1596 1907 1664 Vandalis
1940 1618 2148 1666 unum
2174 1597 2515 1689 populum
2554 1596 2921 1680 efficerent,
2962 1619 3172 1684 quam

536 1715 540 1717 ’
667 1719 762 1788 ob
815 1739 1112 1787 caussam
1168 1737 1369 1808 reges
1418 1714 1885 1784 Vandalorum
1954 1715 2042 1782 ab
2096 1714 2233 1784 hoc
2283 1726 2596 1808 tempore
2648 1737 2848 1806 reges
2903 1715 3166 1782 Vanda-

664 1839 891 1907 lorum
945 1845 1014 1904 et
1063 1836 1442 1904 Alanoi-um
1494 1835 2029 1927 appellabantur
2060 1822 2149 1900 ³⁸.

871 1953 1164 2023 Vandali
1214 1975 1368 2022 cum
1423 1951 1663 2024 Suevis
1714 1952 1947 2022 vicinis
2004 1961 2356 2038 certantes,
2413 1952 2649 2021 relicta
2701 1951 3049 2038 Galaecia,
3090 1954 3172 2026 ad}

666 2075 1017 2144 Baeticam
1067 2071 1470 2141 transierunt
1496 2061 1564 2112 39
1576 2097 1597 2156 3
1648 2073 1807 2141 inde
1826 2125 1847 2159 ,
1920 2070 2277 2139 Bonifacio
2300 2122 2321 2158 ,
2372 2070 2647 2140 Africae
2698 2071 2961 2159 comite,
3016 2096 3172 2140 sua-

667 2194 896 2278 dente,
950 2191 1258 2260 Africam
1309 2192 1612 2259 invasere
1666 2191 1891 2282 (429)
1912 2181 2005 2258 ⁴⁰.
3171 2263 3172 2266 Ἴ

871 2310 934 2378 Α
987 2309 1308 2377 Vandalis
1359 2309 1648 2401 proprie
1700 2309 1893 2378 dictis
1944 2307 2453 2402 distinguuntur
2513 2309 2834 2380 Vandali
2884 2332 3173 2410 cogno7

667 2430 859 2499 mine
909 2417 1296 2521 Silingi41,
1353 2428 1474 2516 qui
1526 2429 1691 2496 olim
1744 2427 2137 2521 provinciae
2182 2427 2463 2498 Silesiae
2514 2452 2761 2499 nome-n
2811 2429 3173 2500 dederunt.

666 2548 1070 2641 Principalis
1120 2569 1200 2615 ac
1254 2545 1475 2637 major
1543 2548 1796 2639 populi
1848 2570 2007 2640 pars
2063 2547 2583 2643 Asdingorum.
2650 2549 2919 2619 nomine
2976 2574 3173 2645 orna7

665 2669 872 2738 batur
889 2658 984 2735 ⁴².
1069 2668 1214 2735 Nec
1265 2668 1510 2735 mirum
1559 2667 1864 2751 videtur,
1938 2666 2129 2756 quod
2200 2668 2437 2736 eadem
2506 2670 2924 2760 appellatio,
3002 2690 3173 2759 quat

668 2784 851 2881 parti
905 2786 1108 2855 totius
1160 2786 1486 2872 nationis,
1543 2786 1747 2856 etiam
1799 2786 2092 2854 familiae
2144 2787 2378 2879 regiae
2429 2786 2577 2857 κατ’
2626 2786 2881 2880 ἐξοχὴν
2926 2789 3173 2858 tribui-

666 2918 802 2975 tur.
856 2906 1100 2995 Neque
1133 2904 1374 2974 desunt
1427 2906 1762 2995 exempla,
1816 2928 1995 2995 quae
2046 2906 2317 2991 docent,
2370 2905 2560 2998 apud
2613 2905 2998 2975 Germanos
3032 2933 3173 2979 sae«,

669 3025 826 3118 pius
857 3026 1150 3115 'populo
1203 3047 1448 3093 nomen
1522 3024 1819 3091 familiae
1882 3026 2119 3116 regiae
2183 3024 2471 3093 inditum
2542 3048 2681 3093 esse
2699 3015 2806 3107 433
2873 3032 3173 3119 populus

673 3145 848 3212 enim
902 3144 1316 3233 opinabatur
1365 3166 1438 3213 se
1491 3141 2000 3233 quodammodo
2052 3144 2543 3236 repraesentari
2596 3145 2851 3213 familia
2901 3171 3031 3215 sua
3074 3172 3173 3223 re

670 3265 808 3355 gia,
861 3264 1038 3331 inter
1095 3262 1356 3331 nobiles
1408 3262 1841 3331 nobilissima.

873 3382 1116 3449 Multis
1169 3382 1560 3450 testimoniis
1638 3382 2170 3473 comprobatur,
2251 3403 2496 3451 omnes
2548 3381 3025 3450 Vandalorum
3094 3398 3173 3452 rel

672 3522 793 3589 ges
816 3548 836 3583 ,
909 3499 996 3565 ab
1051 3499 1516 3587 antiquissimis
1590 3502 2021 3592 temporibus
2096 3521 2313 3589 usque
2379 3501 2469 3568 ad
2534 3500 2879 3570 interitum
2958 3506 3173 3596 regni

671 3626 924 3686 sumtos
977 3638 1118 3683 esse
1170 3639 1254 3683 ex
1304 3598 1500 3709 regia
1547 3618 2015 3710 Asdingorum
2067 3619 2318 3686 familia
2342 3609 2437 3686 44.

873 3734 1257 3805 Jornandes
1307 3735 1395 3804 de
1446 3736 1653 3805 rebus
1706 3736 1963 3805 Geticis
2014 3760 2074 3805 c.
2117 3736 2219 3805 22
2272 3738 2720 3808 Visumarum‘
2753 3762 3000 3832 regem
3063 3742 3173 3809 hac

671 3878 756 3924 ex
807 3854 1058 3924 familia
1109 3865 1334 3923 ortum
1387 3876 1528 3923 esse
1575 3865 1906 3925 testatur:

879 3973 1277 4061 „Geberich
1346 3974 1778 4064 (Gothorum
1850 3975 2005 4066 rex)
2072 3975 2407 4067 primitias
2473 3975 2672 4068 regni
2742 3976 2843 4045 sui
2896 3998 3078 4045 mox
3134 3981 3173 4061 ἰι

673 4093 1047 4162 Vand-alica
1099 4092 1464 4162 extendere
1514 4095 1792 4185 cupiens
1844 4104 2081 4164 contra
2104 4096 2415 4163 Visumar
2450 4118 2687 4164 eorum
2739 4116 3017 4189 regem
3048 4099 3173 4175 Asf

677 4213 1080 4307 dingorum
1135 4234 1176 4281 e
1225 4213 1504 4307 stirpe,
1577 4235 1773 4307 quae
1836 4214 2026 4286 inter
2080 4235 2204 4285 eos
2256 4213 2515 4285 eminet
2564 4236 2947 4309 genusque
3010 4196 3173 4305 iudi

678 4340 802 4405 cat
857 4329 1500 4405 bellicosissimum.
1523 4379 1542 4400 .
1563 4338 1637 4402 .“
