3229 5225
1250 261 1330 325 13

1132 349 1255 360 *ι-ο-

241 443 548 510 Exeunte
603 439 734 508 vita
787 440 832 506 d
843 461 1066 508 emam
1109 437 1479 508 Genserico
1537 438 1627 508 de
1652 440 2081 532 'legislatione
2132 451 2341 532 atque
2380 463 2543 509 con-

46 565 388 634 stitutione
439 559 634 651 regni
687 559 1000 628 intentius
1051 560 1360 652 cogitare
1420 561 1646 646 licuit,
1701 560 1861 650 quia
1910 571 2056 629 tum
2087 559 2362 628 tandem
2401 583 2546 628 res-

51 683 328 774 publica
381 678 846 746 vandalorum
892 680 1054 747 satis
1103 679 1462 770 pacificata
1513 688 1683 747 erat.
1775 681 2013 768 Usque
2064 678 2151 747 ad
2202 680 2339 748 hoc
2374 689 2545 748 tem·

52 825 204 892 pus,
261 821 382 866 rex
433 797 760 865 continuis
809 797 1008 866 bellis
1058 797 1436 883 distractus,
1492 797 1582 865 ad
1622 820 1799 889 opus
1834 809 1973 866 tam
2024 821 2237 891 grave
2288 799 2547 866 incum-

53 922 218 988 bere
272 918 686 1008 nequiverat.
743 917 924 984 Pace
975 926 1200 985 autem
1251 928 1524 986 aeterna
1575 939 1729 986 cum
1772 917 2095 986 Romanis
2146 919 2344 1002 facta,
2399 917 2551 1008 regi

47 1039 443 1130 grandaevo
496 1035 670 1102 nihil
721 1037 935 1128 magis
988 1037 1176 1105 cordi
1228 1059 1371 1104 esse
1439 1035 1777 1120 debebat,
1848 1059 2054 1126 quam
2126 1035 2551 1130 legislatione

59 1181 350 1250 regnum
403 1156 836 1240 confirmare,
895 1155 1086 1246 quod
1138 1156 1338 1223 armis
1389 1155 1809 1224 condiderat.
1883 1153 2367 1249 Promulgavit
2416 1154 2549 1246 igi-

53 1292 190 1362 tur,
245 1287 548 1344 extremo
603 1275 778 1344 vitae
831 1287 1167 1366 tempore,
1222 1275 1795 1360 constitutionem,
1853 1299 1990 1364 qua
2041 1277 2347 1344 ordinem
2400 1297 2553 1342 suc-

49 1395 336 1464 cedendi
409 1419 488 1462 ac
559 1396 794 1464 multa
848 1395 1010 1464 alia
1065 1393 1444 1484 praecepit.
1534 1394 1743 1478 Quae
1802 1393 2081 1482 quidem
2148 1395 2261 1462 lex
2310 1413 2557 1461 nomen

49 1515 466 1586 testamenti
533 1514 786 1596 habet,
865 1517 1251 1606 „Eme-(jaas
1307 1514 1797 1605 διαθέμενος“;
1878 1513 2165 1582 verbum
2241 1515 2555 1603 διαθῆκαι

49 1637 230 1703 enim
284 1633 474 1726 apud
527 1634 896 1723 scriptores
966 1631 1172 1724 hujus
1243 1630 1572 1722 temporis
1624 1652 1895 1723 semper
1946 1642 2423 1702 testamentum
2472 1631 2557 1699 si-

45 1755 338 1845 gnificat
363 1745 453 1818 ⁵⁹.
533 1753 800 1821 Tamen
850 1775 1048 1818 nemo
1101 1751 1216 1817 hic
1267 1750 1354 1818 de
1413 1774 1577 1818 vero
1650 1761 2086 1838 testamento,
2153 1775 2349 1822 sensu
2400 1751 2558 1820 stri-

47 1873 272 1938 ctiore
315 1868 488 1960 juris
543 1870 772 1954 civilis,
831 1869 1186 1960 cogitabit.
1273 1870 1782 1938 Testamentum
1852 1874 2028 1940 enim
2079 1873 2407 1962 scriptum
2460 1880 2561 1938 est

41 1989 464 2068 heredibus3
515 1988 688 2055 haec
713 1998 936 2056 autem
974 1987 1325 2054 Genserici
1364 1987 1718 2077 dispositio
1755 2012 1893 2057 non
1941 1991 2097 2058 filiis
2146 1991 2386 2072 solum,
2442 1988 2561 2056 sed

53 2111 191 2178 toti
231 2109 500 2200 populo
527 2105 994 2174 Vandalorum
1030 2117 1406 2196 praecepta
1455 2105 1637 2189 fecit,
1692 2107 1803 2190 „iv
1844 2107 1949 2182 αἷς
1992 2105 2179 2175 ἄλλα
2216 2135 2288 2175 τε
2328 2105 2562 2175 πόλλα

46 2239 110 2298 Β
139 2231 296 2295 ανδ
327 2227 570 2302 ἕλοις
631 2227 1072 2318 ἐπέσκηψε“,
1164 2245 1342 2312 quae
1393 2223 1482 2292 ad
1551 2224 1999 2293 ordinandum
2068 2225 2266 2316 regni
2316 2232 2565 2292 statum

51 2345 521 2440 pertinebant.
573 2345 720 2412 Nec
772 2345 860 2414 de
910 2345 1211 2412 filiorum
1263 2345 1679 2413 successione
1716 2344 1937 2412 solum
1973 2344 2373 2413 Gensericus
2424 2343 2563 2410 dis-

50 2467 328 2560 posuit,
383 2464 504 2537 sed
555 2463 864 2533 ordinem
931 2463 1332 2532 succedendi
1384 2465 1457 2532 in
1498 2450 1943 2558 perpetuum
1996 2466 2157 2557 lege
2208 2463 2563 2532 ordinavit.

50 2585 356 2655 Nomine
409 2584 687 2674 quidem
737 2583 910 2659 haec
970 2583 1325 2677 dispositio
1377 2593 1847 2653 testamentum
1902 2594 2071 2671 erat,
2126 2607 2201 2653 re
2258 2606 2419 2653 vera
2452 2603 2564 2650 au-

55 2721 210 2776 tem
264 2704 656 2797 gravissima
707 2704 904 2797 regni
972 2703 1325 2771 Vandalici
1395 2705 1783 2773 constitutio
1807 2754 1827 2790 ,
1901 2726 2079 2794 quae
2152 2702 2427 2792 quidem
2480 2700 2567 2767 ad

49 2823 568 2895 similitudinem
637 2824 1013 2891 testamenti
1078 2846 1166 2891 >eo
1220 2822 1586 2892 accedebat
1604 2872 1625 2909 ,
1702 2825 1891 2914 quod
1943 2822 2343 2891 Gensericus
2396 2843 2568 2906 eam,

53 2942 259 3035 quasi
313 2942 620 3015 ultimam
691 2942 1053 3011 voluntatis
1121 2940 1669 3031 dispositionem,
1738 2944 2010 3035 populo
2078 2966 2201 3011 suo
2271 2940 2569 3029 reliquit.

33 3068 299 3151 *Quam
352 3062 446 3131 ob
499 3085 648 3131 rem
699 3062 937 3129 Victor
990 3060 1276 3129 Vite-usis
1328 3059 1516 3130 hand
1567 3063 1904 3131 immerito
1954 3063 2132 3131 hanc
2183 3060 2568 3151 dispositio-

55 3207 227 3255 nem
279 3182 418 3251 non
470 3192 961 3267 testamentum,
1014 3180 1132 3249 sed
1185 3180 1815 3267 „constitutionem
1872 3179 2299 3249 Genserici“
2352 3176 2572 3243 nomi-

58 3314 212 3372 nat.
264 3304 412 3369 Nec
445 3300 862 3369 Justinianus
891 3301 1268 3390 imperator
1302 3299 1593 3367 haesitat
1633 3299 1980 3366 Genserici
2030 3296 2573 3367 constitutio-nem

67 3420 227 3508 „vo‘
249 3442 414 3514 μου
470 3422 594 3488 τοῦ
649 3422 1077 3509 Γιζερίχουί*
1133 3437 1398 3494 vocare,
1455 3438 1661 3503 quam
1714 3415 1947 3485 iisdem
1998 3416 2235 3485 littoris
2290 3418 2573 3509 ,,δια9ή-ε

77 3543 270 3615 aa&
311 3535 796 3603 nominaverat.

283 3656 476 3723 Haec
528 3654 875 3722 Genserici
927 3654 1310 3723 constitutio
1355 3666 1524 3729 ‚tota
1575 3658 1663 3727 ad
1714 3682 1835 3729 nos
1885 3681 2021 3730 non
2072 3658 2405 3751 pervenit,
2458 3656 2578 3725 sed

59 3801 162 3849 ex
215 3777 336 3845 illa
391 3766 712 3867 Procopii
767 3774 1003 3842 notitia
1057 3773 1550 3867 conjiciendum
1603 3790 1737 3849 est:
1813 3779 2251 3851 Gensericum
2305 3784 2579 3869 praeter

59 3897 394 3967 ordinem
443 3893 845 3965 succedendi
894 3894 1181 3963 sanxisse
1247 3896 1380 3965 hac
1449 3900 1927 3969 constitutione
1978 3900 2177 3967 etiam
2232 3896 2368 3963 alia
2414 3915 2579 3993 graf

65 4017 349 4085 vissima
393 4014 572 4107 juris
622 4011 883 4106 publici
951 4013 1292 4104 principia
1365 4014 1602 4099 ,,ἇ’λλα
1672 4046 1747 4086 τε
1800 4016 2109 4100 πόλλα“,
2150 4035 2359 4101 ‘quae
2426 4031 2579 4077 cum

55 4134 283 4227 regni
331 4133 741 4205 successione
792 4131 1156 4201 arctissime
1189 4130 1649 4200 cohaerebant
1676 4122 1769 4200 ⁶⁰.
1792 4202 1808 4213 ,
1835 4132 2018 4202 Num
2070 4132 2271 4199 etiam
2325 4128 2582 4207 Gense÷

59 4256 266 4327 ricus
317 4252 408 4321 de
449 4251 614 4345 jure
651 4252 970 4346 privato
1027 4247 1490 4319 vandalorum
1557 4248 1692 4318 hac
1739 4248 1809 4315 in
1858 4251 2018 4342 lege
2068 4248 2326 4339 aliquid
2376 4270 2585 4343 prae-f

57 4372 448 4465 scripserit,
501 4368 672 4439 nihil
721 4369 1058 4462 conjicere
1109 4368 1354 4441 audeo.
1407 4368 1516 4439 Ne
1565 4390 1851 4463 operam
1904 4368 2265 4461 perdamus
2295 4369 2369 4441 id
2420 4393 2582 4440 con-

3159 195 3197 362 ΧΑ
