3229 5225
95 420 124 732 -ξ,-·’·-“ῑσ“ῥ
95 323 122 395 ..r
95 169 130 292 *τ’
112 116 122 138 ,
96 64 114 87 v

1982 244 2062 308 18

775 425 886 492 lus
939 425 1170 514 igitur,
1225 423 1388 509 „qni
1451 422 1727 512 generis
1781 420 2133 490 masculini
2184 419 2273 486 ad
2308 417 2749 488 Gensericum
2778 422 2989 508 ipsum
3016 443 3131 510 quoa

775 544 1056 634 stirpem
1109 541 1487 629 pertinet“,
1565 563 1773 628 capax
1828 551 1937 609 est
2008 539 2484 608 successionis.
2552 539 2743 608 Jnre
2818 541 3131 616 successioni

767 665 868 732 ita
925 662 1454 748 circumscripto,
1509 661 1973 750 sequentibus,
2010 658 2241 726 verbis
2294 659 2485 727 ordo
2540 657 2947 730 succedendi
3004 655 3131 736 consi

769 781 1025 850 mitur:
1081 786 1401 873 ,πρῶτος
1445 777 1532 845 ὢν
1593 777 1907 848 ἁπάντων
1947 784 2081 847 τῶν
2134 771 2359 846 αὐτοῦ
2422 775 2773 866 ξυγγενῶν
2828 776 2944 868 τὴν
2996 777 3131 867 ἡλικία

777 895 1065 987 ‘nixum‘
1119 899 1229 964 Ex
1281 896 1612 965 omnibns
1664 895 1880 986 igitur
1930 895 2277 979 masculis,
2332 895 2453 984 qui
2504 917 2589 962 ex
2622 895 2967 982 Genserici
3010 911 3131 986 gene!

771 1015 1214 1100 descendunt,
1270 1017 1329 1081 is
1385 1018 1578 1086 solus
1632 1015 1765 1082 hac
1814 1016 1973 1106 lege
2024 1025 2305 1086 vocatur
2356 1013 2446 1081 ad
2494 1036 2789 1106 regnum
2809 1064 2829 1101 ‚
2881 1014 2995 1103 qui
3036 1019 3131 1078 aetat

753 1135 1032 1223 ,primus
1085 1144 1216 1219 est,
1273 1143 1598 1228 „spaza-os
1646 1133 1762 1224 τὴν
1819 1133 2082 1224 ἡλικίαν
2140 1129 2432 1221 ‘roxum‘
2510 1135 2759 1221 Neque
2827 1133 2994 1201 linea
3036 1151 3131 1215 neq}

771 1252 1034 1344 gradus
1085 1252 1202 1319 hic
1233 1253 1648 1344 respicitur,
1703 1251 1826 1320 sed
1878 1251 2105 1320 solum
2156 1262 2368 1318 aetas.
2440 1249 2516 1316 Si
2554 1251 2826 1343 plnres
2874 1250 3060 1341 igitur
3102 1269 3131 1318 m

763 1381 972 1461 potes
1025 1372 1212 1462 regis
1272 1371 1575 1440 defuncti
1628 1393 1711 1438 ex
1761 1369 2077 1458 pluribus
2130 1369 2289 1436 filiis
2347 1368 2635 1454 adsunt,
2704 1390 2843 1437 non
2898 1367 3131 1457 quaeritu

771 1491 892 1580 qui
943 1512 1028 1557 ex
1077 1490 1224 1557 filio
1275 1488 1538 1579 majore
1589 1488 1981 1574 descendit,
2052 1488 2179 1555 sed
2230 1487 2433 1555 etiam
2486 1509 2569 1554 ex
2620 1488 2901 1556 minimo
2950 1486 3068 1552 filio
3101 1503 3131 1556 n!

757 1630 901 1696 ‚pos
953 1608 1180 1674 vocari
1231 1619 1483 1695 potest,
1539 1609 1599 1674 si
1652 1630 1887 1676 omnes
1942 1606 2115 1674 alios
2168 1618 2453 1693 nepotes
2489 1607 2683 1673 annis
2740 1614 3030 1694 superat.
3086 1600 3131 1674 111

771 1726 860 1796 de
910 1748 1154 1797 caussa
1214 1725 1464 1794 Victor
1526 1725 1833 1794 Vitensis
1900 1725 2298 1813 episcopus,
2368 1727 2827 1816 gravissimus
2896 1715 3131 1790 auctori

767 1843 1088 1922 omnibus
1148 1844 1351 1912 rebus
1410 1842 1791 1911 Vandalicis
1811 1895 1830 1929 ,
1884 1844 1951 1910 in
2004 1867 2212 1933 opere
2264 1844 2353 1911 de
2403 1845 2879 1932 persecutione
2928 1836 3131 1908 Vandali

769 1984 920 2032 rum
944 1961 1031 2030 L.
1052 1962 1147 2030 11.-
1175 1958 1250 2056 ᾗ.
1276 1961 1344 2048 5,
1397 1961 1691 2030 vindicat
1742 1963 1972 2050 nepoti
2024 1962 2225 2030 alicui
2276 1962 2619 2030 Genserici
2670 1986 2757 2030 ex
2789 1957 3057 2054 juniori
3082 1953 3131 2044 ej!

768 2083 936 2167 filio,
991 2082 1514 2165 successionem,
1579 2103 1993 2171 quamquam
2046 2102 2129 2148 ex
2178 2081 2549 2165 Hunerico,
2593 2081 2888 2152 maximo
2915 2071 3131 2146 Genseri

768 2201 936 2283 filio,
991 2201 1226 2268 aderat
1275 2223 1490 2287 nepos
1543 2199 1960 2282 HildericuS,
2012 2199 2127 2264 his
2180 2199 2449 2267 verbis:

973 2316 1369 2402 „Occiditur
1421 2316 1538 2382 ille
1589 2318 1773 2384 filius
1830 2317 2305 2406 (Theoderici,
2350 2318 2654 2404 Junioris
2710 2318 2841 2384 filii
2864 2305 3131 2383 Genserici

769 2437 886 2502 eui
920 2436 1311 2502 secundum
1341 2435 1918 2504 constitutionem
1950 2435 2350 2520 Genserici,
2405 2459 2488 2504 eo
2523 2436 2724 2529 quo'd
2756 2431 3000 2525 major
3026 2447 3131 2496 omn

769 2551 902 2621 bus
955 2561 1162 2638 esset,
1218 2575 1536 2645 regnum
1587 2553 1778 2621 inter
1829 2563 2129 2649 nepotes
2169 2555 2634 2647 potissimum
2688 2547 3121 2624 debebatur.⁶‘

970 2672 1418 2761 Praeceperat
1469 2672 1900 2759 Gensericus,
1954 2684 2029 2768 ut
2066 2696 2334 2761 semper
2374 2675 2557 2763 quie
2596 2676 2741 2742 suis
2784 2671 3061 2763 posteris
3092 2682 3131 2750 pl

767 2814 918 2863 mus
973 2792 1271 2863 omnium
1331 2804 1518 2859 esset
1586 2802 1847 2877 aetate,
1923 2814 2211 2883 regnum
2264 2793 2638 2876 obtineret,
2710 2794 3005 2862 exclusis
3049 2782 3131 2859 etii

767 2915 942 2993 eius»,
996 2911 1134 2997 qui⁸
1166 2923 1362 2977 antea
1414 2912 1866 2999 regnavisset,
1919 2912 2105 2997 filiis,
2158 2912 2219 2979 si
2270 2912 2539 3001 aliquos
2584 2911 2926 2980 haberent
2973 2910 3131 2999 agnai!

766 3030 1095 3096 seniores.
1198 3029 1441 3116 Neque
1492 3030 1903 3100 contrarium
1957 3030 2216 3119 aliquid
2270 3030 2760 3118 conjiciendum
2816 3044 2925 3099 est
2976 3047 3049 3095 ex
3078 3020 3131 3093 «li

765 3147 1004 3216 nandis
1056 3146 1326 3238 verbis:

969 3264 1494 3355 „(Gensericus)
1549 3276 1703 3333 ante
1758 3267 2021 3336 obitum
2074 3290 2275 3335 suum
2326 3268 2623 3337 filiorum
2675 3291 2924 3360 agmen
2977 3260 3131 3331 acciu!

765 3387 1134 3468 ordinavit,
1204 3408 1289 3453 ne
1339 3386 1513 3455 iuter
1579 3386 1770 3474 ipsos
1825 3385 1912 3454 de
1962 3387 2159 3478 regni
2226 3387 2592 3455 ambitione
2662 3400 2849 3456 esset
2903 3372 3131 3453 dissensi

767 3506 901 3569 sed
953 3504 1212 3570 ordine
1262 3506 1563 3594 quisque
1616 3514 1685 3573 et
1734 3506 1997 3596 gradu
2048 3527 2221 3590 suo,
2272 3506 2425 3597 ,qui
2496 3507 2663 3576 aliis
2728 3503 3131 3600 supervives

767 3620 848 3685 id
899 3629 1006 3687 est
1056 3619 1327 3691 seniori
1369 3643 1509 3688 suo
1539 3620 1781 3714 fleret
1830 3644 2133 3714 sequens
2183 3644 2565 3693 successor
2618 3634 2688 3696 et
2725 3647 2990 3695 rursus
3027 3617 3131 3703 251²·

744 3736 1047 3839 “sterion‘-
1089 3732 1318 3827 ejus.“
1369 3737 1566 3805 Jorn.
1623 3737 1711 3805 de
1761 3739 1909 3806 reb.
1964 3739 2128 3807 Get.
2182 3763 2329 3828 cap.
2374 3741 2493 3809 33.

965 3857 1186 3923 Nemo
1236 3856 1304 3923 in
1371 3856 1484 3922 his
1553 3858 1783 3925 verbis
1852 3858 2425 3949 primogeniturae
2491 3859 2889 3949 principium
2960 3846 3131 3927 inveni

761 3984 1026 4063 potest,
1099 3975 1504 4043 monendum
1579 3988 1804 4045 autem
1860 3990 2003 4053 est,
2082 4002 2167 4047 ne
2218 3980 2373 4069 quis
2427 3978 2774 4065 opinetur,
2852 3979 3131 4063 majoram

759 4094 1098 4185 hodierno
1155 4117 1363 4163 sensu
1415 4108 1851 4185 praeceptum
1906 4121 2063 4165 esse
2116 4122 2155 4164 a
2209 4096 2599 4182 Genserico,
2655 4096 2817 4185 quia
2866 4082 3131 4169 dornand

760 4214 904 4296 „de
949 4216 1270 4305 gradu“
1325 4216 1651 4305 loquitur.
1738 4219 1893 4283 Non
1946 4216 2138 4297 enim*
2174 4216 2387 4285 utitur
2438 4224 2636 4283 autor
2686 4215 2819 4283 hac
2872 4238 3037 4283 voce
3082 4216 3131 4283 521

757 4341 872 4395 cto
924 4333 1102 4415 juris
1179 4356 1426 4415 sensu,
1500 4334 1626 4403 sed
1696 4358 1905 4403 sensu
1980 4334 2365 4423 prolixiori,
2436 4357 2577 4425 quo
2645 4335 2779 4405 hac
2844 4358 3009 4405 voce
3056 4323 3131 4399 nil]
