<?xml version="1.0" encoding="UTF-8"?>
<!DOCTYPE html PUBLIC "-//W3C//DTD XHTML 1.0 Transitional//EN"
    "http://www.w3.org/TR/xhtml1/DTD/xhtml1-transitional.dtd">
<html xmlns="http://www.w3.org/1999/xhtml" xml:lang="en" lang="en">
 <head>
  <title>
</title>
<meta http-equiv="Content-Type" content="text/html;charset=utf-8" />
  <meta name='ocr-system' content='tesseract 3.04.00' />
  <meta name='ocr-capabilities' content='ocr_page ocr_carea ocr_par ocr_line ocrx_word'/>
</head>
<body>
  <div class='ocr_page' id='page_1' title='image "./detestamentogen01schugoog_0020.png"; bbox 0 0 3229 5225; ppageno 0'>
   <div class='ocr_carea' id='block_1_1' title="bbox 44 7 88 386">
    <p class='ocr_par' dir='ltr' id='par_1_1' title="bbox 44 7 88 386">
     <span class='ocr_line' id='line_1_1' title="bbox 44 7 88 386; textangle 90"><span class='ocrx_word' id='word_1_1' title='bbox 45 131 88 386; x_wconf 58' lang='lat' dir='ltr'><strong>‘&#39;V-„⁸¹⁹”</strong></span> <span class='ocrx_word' id='word_1_2' title='bbox 44 7 53 16; x_wconf 68' lang='grc'>,</span> 
     </span>
    </p>
   </div>
   <div class='ocr_carea' id='block_1_2' title="bbox 1882 229 1963 294">
    <p class='ocr_par' dir='ltr' id='par_1_2' title="bbox 1882 229 1963 294">
     <span class='ocr_line' id='line_1_2' title="bbox 1882 229 1963 294; baseline -0.025 0"><span class='ocrx_word' id='word_1_3' title='bbox 1882 229 1963 294; x_wconf 82' lang='grc'><strong>10</strong></span> 
     </span>
    </p>
   </div>
   <div class='ocr_carea' id='block_1_3' title="bbox 1780 315 2083 328">
    <p class='ocr_par' dir='ltr' id='par_1_3' title="bbox 1780 315 2083 328">
     <span class='ocr_line' id='line_1_3' title="bbox 1780 315 2083 328; baseline 0 4897"><span class='ocrx_word' id='word_1_4' title='bbox 1780 315 2083 328; x_wconf 95' lang='lat' dir='ltr'><strong> </strong></span> 
     </span>
    </p>
   </div>
   <div class='ocr_carea' id='block_1_4' title="bbox 677 401 3181 1804">
    <p class='ocr_par' dir='ltr' id='par_1_4' title="bbox 679 401 3181 616">
     <span class='ocr_line' id='line_1_4' title="bbox 881 401 3181 499; baseline 0.001 -27"><span class='ocrx_word' id='word_1_5' title='bbox 881 401 944 472; x_wconf 88' lang='lat' dir='ltr'>A</span> <span class='ocrx_word' id='word_1_6' title='bbox 1001 402 1444 498; x_wconf 75' lang='lat' dir='ltr'><strong>Godigieclo</strong></span> <span class='ocrx_word' id='word_1_7' title='bbox 1496 426 1689 499; x_wconf 83' lang='lat' dir='ltr'><strong>rege</strong></span> <span class='ocrx_word' id='word_1_8' title='bbox 1736 425 1982 474; x_wconf 82' lang='lat' dir='ltr'><strong>nexum</strong></span> <span class='ocrx_word' id='word_1_9' title='bbox 2048 405 2591 499; x_wconf 71' lang='lat' dir='ltr'><strong>propinquitatis</strong></span> <span class='ocrx_word' id='word_1_10' title='bbox 2640 413 2849 496; x_wconf 82' lang='lat' dir='ltr'><strong>atque</strong></span> <span class='ocrx_word' id='word_1_11' title='bbox 2920 415 3181 498; x_wconf 53' lang='lat' dir='ltr'><strong>succes-⁴}</strong></span> 
     </span>
     <span class='ocr_line' id='line_1_5' title="bbox 679 505 3180 616; baseline -0.002 -24"><span class='ocrx_word' id='word_1_12' title='bbox 679 523 932 594; x_wconf 76' lang='lat' dir='ltr'><strong>sionem</strong></span> <span class='ocrx_word' id='word_1_13' title='bbox 983 545 1228 616; x_wconf 81' lang='lat' dir='ltr'><strong>regum</strong></span> <span class='ocrx_word' id='word_1_14' title='bbox 1287 524 1534 594; x_wconf 77' lang='lat' dir='ltr'><strong>certius</strong></span> <span class='ocrx_word' id='word_1_15' title='bbox 1587 524 1915 616; x_wconf 75' lang='lat' dir='ltr'><strong>prosequi</strong></span> <span class='ocrx_word' id='word_1_16' title='bbox 1968 524 2151 596; x_wconf 85' lang='lat' dir='ltr'><strong>licet.</strong></span> <span class='ocrx_word' id='word_1_17' title='bbox 3178 505 3180 586; x_wconf 58' lang='grc' dir='ltr'>ἰ</span> 
     </span>
    </p>

    <p class='ocr_par' dir='ltr' id='par_1_5' title="bbox 677 621 3181 1092">
     <span class='ocr_line' id='line_1_6' title="bbox 831 633 3181 736; baseline -0.001 -24"><span class='ocrx_word' id='word_1_18' title='bbox 831 642 1122 712; x_wconf 77' lang='lat' dir='ltr'><strong>Vandali</strong></span> <span class='ocrx_word' id='word_1_19' title='bbox 1143 644 1558 712; x_wconf 81' lang='lat' dir='ltr'><strong>Pannoniam</strong></span> <span class='ocrx_word' id='word_1_20' title='bbox 1609 644 2035 734; x_wconf 82' lang='lat' dir='ltr'><strong>reliquerunt</strong></span> <span class='ocrx_word' id='word_1_21' title='bbox 2070 642 2473 736; x_wconf 77' lang='lat' dir='ltr'><strong>Godigisclo</strong></span> <span class='ocrx_word' id='word_1_22' title='bbox 2524 665 2715 736; x_wconf 82' lang='lat' dir='ltr'><strong>rege,</strong></span> <span class='ocrx_word' id='word_1_23' title='bbox 2770 645 2893 734; x_wconf 88' lang='lat' dir='ltr'><strong>qui</strong></span> <span class='ocrx_word' id='word_1_24' title='bbox 2924 633 3181 736; x_wconf 68' lang='lat' dir='ltr'><strong>mag-nd</strong></span> 
     </span>
     <span class='ocr_line' id='line_1_7' title="bbox 679 753 3180 854; baseline 0.001 -26"><span class='ocrx_word' id='word_1_25' title='bbox 679 761 946 854; x_wconf 84' lang='lat' dir='ltr'><strong>praelio</strong></span> <span class='ocrx_word' id='word_1_26' title='bbox 1003 772 1238 832; x_wconf 83' lang='lat' dir='ltr'><strong>contra</strong></span> <span class='ocrx_word' id='word_1_27' title='bbox 1288 763 1590 832; x_wconf 84' lang='lat' dir='ltr'><strong>Francos</strong></span> <span class='ocrx_word' id='word_1_28' title='bbox 1644 763 1897 849; x_wconf 72' lang='lat' dir='ltr'><strong>occisus</strong></span> <span class='ocrx_word' id='word_1_29' title='bbox 1948 773 2050 830; x_wconf 87' lang='lat' dir='ltr'><strong>est</strong></span> <span class='ocrx_word' id='word_1_30' title='bbox 2068 753 2142 804; x_wconf 82' lang='lat'><strong>⁴⁷</strong></span> <span class='ocrx_word' id='word_1_31' title='bbox 2193 761 2444 854; x_wconf 81' lang='lat'>(406),</span> <span class='ocrx_word' id='word_1_32' title='bbox 2498 763 2607 832; x_wconf 87' lang='lat' dir='ltr'><strong>cui</strong></span> <span class='ocrx_word' id='word_1_33' title='bbox 2630 762 2943 834; x_wconf 75' lang='lat' dir='ltr'><strong>successit</strong></span> <span class='ocrx_word' id='word_1_34' title='bbox 2978 764 3180 832; x_wconf 72' lang='lat' dir='ltr'><strong>Gan-1</strong></span> 
     </span>
     <span class='ocr_line' id='line_1_8' title="bbox 677 870 3180 973; baseline 0.002 -25"><span class='ocrx_word' id='word_1_35' title='bbox 677 879 941 948; x_wconf 88' lang='lat' dir='ltr'><strong>dericns</strong></span> <span class='ocrx_word' id='word_1_36' title='bbox 992 881 1176 950; x_wconf 85' lang='lat' dir='ltr'><strong>filius</strong></span> <span class='ocrx_word' id='word_1_37' title='bbox 1229 881 1302 948; x_wconf 87' lang='lat' dir='ltr'><strong>in</strong></span> <span class='ocrx_word' id='word_1_38' title='bbox 1351 881 1546 973; x_wconf 84' lang='lat' dir='ltr'><strong>regia</strong></span> <span class='ocrx_word' id='word_1_39' title='bbox 1593 891 1938 972; x_wconf 72' lang='lat' dir='ltr'><strong>potestate</strong></span> <span class='ocrx_word' id='word_1_40' title='bbox 1960 870 2055 949; x_wconf 74' lang='lat'><strong>⁴⁸.</strong></span> <span class='ocrx_word' id='word_1_41' title='bbox 2145 879 2609 968; x_wconf 73' lang='lat' dir='ltr'><strong>Gundericns,</strong></span> <span class='ocrx_word' id='word_1_42' title='bbox 2680 891 2853 952; x_wconf 81' lang='lat' dir='ltr'><strong>teste</strong></span> <span class='ocrx_word' id='word_1_43' title='bbox 2924 883 3180 964; x_wconf 62' lang='lat' dir='ltr'><strong>Idatim</strong></span> 
     </span>
     <span class='ocr_line' id='line_1_9' title="bbox 677 998 1845 1092; baseline 0 -24"><span class='ocrx_word' id='word_1_44' title='bbox 677 1009 882 1092; x_wconf 86' lang='lat' dir='ltr'><strong>capta</strong></span> <span class='ocrx_word' id='word_1_45' title='bbox 937 999 1229 1091; x_wconf 77' lang='lat' dir='ltr'><strong>Hispali,</strong></span> <span class='ocrx_word' id='word_1_46' title='bbox 1283 999 1535 1070; x_wconf 87' lang='lat' dir='ltr'><strong>interiit</strong></span> <span class='ocrx_word' id='word_1_47' title='bbox 1589 998 1845 1091; x_wconf 81' lang='lat'><strong>(427).</strong></span> 
     </span>
    </p>

    <p class='ocr_par' dir='ltr' id='par_1_6' title="bbox 679 1117 3180 1804">
     <span class='ocr_line' id='line_1_10' title="bbox 885 1117 3180 1209; baseline -0.001 -25"><span class='ocrx_word' id='word_1_48' title='bbox 885 1117 1278 1186; x_wconf 86' lang='lat' dir='ltr'><strong>Gunderico</strong></span> <span class='ocrx_word' id='word_1_49' title='bbox 1331 1128 1558 1188; x_wconf 86' lang='lat' dir='ltr'><strong>antem</strong></span> <span class='ocrx_word' id='word_1_50' title='bbox 1611 1139 1749 1186; x_wconf 90' lang='lat' dir='ltr'><strong>non</strong></span> <span class='ocrx_word' id='word_1_51' title='bbox 1798 1117 1961 1203; x_wconf 87' lang='lat' dir='ltr'><strong>filii,</strong></span> <span class='ocrx_word' id='word_1_52' title='bbox 2035 1117 2155 1209; x_wconf 82' lang='lat' dir='ltr'><strong>qui</strong></span> <span class='ocrx_word' id='word_1_53' title='bbox 2206 1118 2495 1186; x_wconf 86' lang='lat' dir='ltr'><strong>minores</strong></span> <span class='ocrx_word' id='word_1_54' title='bbox 2548 1128 2769 1188; x_wconf 84' lang='lat' dir='ltr'><strong>aetate</strong></span> <span class='ocrx_word' id='word_1_55' title='bbox 2818 1117 3029 1186; x_wconf 78' lang='lat' dir='ltr'><strong>fnisse</strong></span> <span class='ocrx_word' id='word_1_56' title='bbox 3084 1122 3180 1186; x_wconf 29' lang='lat' dir='ltr'><strong>vi*</strong></span> 
     </span>
     <span class='ocr_line' id='line_1_11' title="bbox 679 1226 3180 1332; baseline -0 -28"><span class='ocrx_word' id='word_1_57' title='bbox 679 1237 950 1322; x_wconf 83' lang='lat' dir='ltr'><strong>dentur,</strong></span> <span class='ocrx_word' id='word_1_58' title='bbox 1001 1236 1122 1306; x_wconf 90' lang='lat' dir='ltr'><strong>sed</strong></span> <span class='ocrx_word' id='word_1_59' title='bbox 1158 1237 1558 1308; x_wconf 75' lang='lat' dir='ltr'><strong>Gensericus</strong></span> <span class='ocrx_word' id='word_1_60' title='bbox 1586 1237 1863 1332; x_wconf 76' lang='lat' dir='ltr'><strong>frater</strong></span> <span class='ocrx_word' id='word_1_61' title='bbox 1896 1235 2230 1324; x_wconf 79' lang='lat' dir='ltr'><strong>successit,</strong></span> <span class='ocrx_word' id='word_1_62' title='bbox 2285 1236 2669 1328; x_wconf 78' lang='lat' dir='ltr'><strong>Godigiscli</strong></span> <span class='ocrx_word' id='word_1_63' title='bbox 2720 1237 2898 1306; x_wconf 83' lang='lat' dir='ltr'><strong>filius</strong></span> <span class='ocrx_word' id='word_1_64' title='bbox 2917 1226 3013 1306; x_wconf 84' lang='lat'><strong>4⁹.</strong></span> <span class='ocrx_word' id='word_1_65' title='bbox 3072 1239 3180 1326; x_wconf 43' lang='lat' dir='ltr'><strong>Sic}</strong></span> 
     </span>
     <span class='ocr_line' id='line_1_12' title="bbox 681 1355 3180 1448; baseline -0.001 -24"><span class='ocrx_word' id='word_1_66' title='bbox 681 1355 883 1424; x_wconf 88' lang='lat' dir='ltr'><strong>etiam</strong></span> <span class='ocrx_word' id='word_1_67' title='bbox 951 1355 1142 1448; x_wconf 87' lang='lat' dir='ltr'><strong>apud</strong></span> <span class='ocrx_word' id='word_1_68' title='bbox 1215 1355 1558 1428; x_wconf 74' lang='lat' dir='ltr'><strong>Vandalus</strong></span> <span class='ocrx_word' id='word_1_69' title='bbox 1630 1379 1769 1426; x_wconf 88' lang='lat' dir='ltr'><strong>non</strong></span> <span class='ocrx_word' id='word_1_70' title='bbox 1816 1356 2047 1427; x_wconf 87' lang='lat' dir='ltr'><strong>stricta</strong></span> <span class='ocrx_word' id='word_1_71' title='bbox 2098 1379 2139 1423; x_wconf 92' lang='lat' dir='ltr'><strong>a</strong></span> <span class='ocrx_word' id='word_1_72' title='bbox 2190 1365 2393 1446; x_wconf 82' lang='lat' dir='ltr'><strong>patre</strong></span> <span class='ocrx_word' id='word_1_73' title='bbox 2444 1355 2532 1424; x_wconf 89' lang='lat' dir='ltr'><strong>ad</strong></span> <span class='ocrx_word' id='word_1_74' title='bbox 2580 1355 2799 1424; x_wconf 87' lang='lat' dir='ltr'><strong>filium</strong></span> <span class='ocrx_word' id='word_1_75' title='bbox 2848 1357 3180 1426; x_wconf 54' lang='lat' dir='ltr'><strong>successio&amp;</strong></span> 
     </span>
     <span class='ocr_line' id='line_1_13' title="bbox 681 1473 3180 1567; baseline 0 -25"><span class='ocrx_word' id='word_1_76' title='bbox 681 1475 1194 1560; x_wconf 79' lang='lat' dir='ltr'><strong>observabatur,</strong></span> <span class='ocrx_word' id='word_1_77' title='bbox 1245 1473 1386 1558; x_wconf 87' lang='lat' dir='ltr'><strong>sed,</strong></span> <span class='ocrx_word' id='word_1_78' title='bbox 1442 1476 1596 1545; x_wconf 81' lang='lat' dir='ltr'><strong>filiis</strong></span> <span class='ocrx_word' id='word_1_79' title='bbox 1649 1477 1871 1546; x_wconf 83' lang='lat' dir='ltr'><strong>ultimi</strong></span> <span class='ocrx_word' id='word_1_80' title='bbox 1920 1475 2103 1567; x_wconf 85' lang='lat' dir='ltr'><strong>regis</strong></span> <span class='ocrx_word' id='word_1_81' title='bbox 2154 1474 2525 1544; x_wconf 84' lang='lat' dir='ltr'><strong>minoribus</strong></span> <span class='ocrx_word' id='word_1_82' title='bbox 2548 1527 2567 1559; x_wconf 87' lang='lat'>,</span> <span class='ocrx_word' id='word_1_83' title='bbox 2640 1476 2695 1543; x_wconf 84' lang='lat' dir='ltr'><strong>is</strong></span> <span class='ocrx_word' id='word_1_84' title='bbox 2742 1475 2917 1544; x_wconf 82' lang='lat' dir='ltr'><strong>inter</strong></span> <span class='ocrx_word' id='word_1_85' title='bbox 2968 1497 3180 1567; x_wconf 63' lang='lat' dir='ltr'><strong>agna-³</strong></span> 
     </span>
     <span class='ocr_line' id='line_1_14' title="bbox 679 1571 3180 1687; baseline 0 -25"><span class='ocrx_word' id='word_1_86' title='bbox 679 1604 786 1664; x_wconf 85' lang='lat' dir='ltr'><strong>tos</strong></span> <span class='ocrx_word' id='word_1_87' title='bbox 838 1593 1356 1686; x_wconf 78' lang='lat' dir='ltr'><strong>praeferebatur</strong></span> <span class='ocrx_word' id='word_1_88' title='bbox 1377 1648 1396 1678; x_wconf 89' lang='lat'><strong>,</strong></span> <span class='ocrx_word' id='word_1_89' title='bbox 1449 1597 1570 1687; x_wconf 82' lang='lat' dir='ltr'><strong>qui</strong></span> <span class='ocrx_word' id='word_1_90' title='bbox 1623 1606 1771 1664; x_wconf 87' lang='lat' dir='ltr'><strong>erat</strong></span> <span class='ocrx_word' id='word_1_91' title='bbox 1818 1594 2235 1678; x_wconf 83' lang='lat' dir='ltr'><strong>fortissimus,</strong></span> <span class='ocrx_word' id='word_1_92' title='bbox 2289 1593 2688 1686; x_wconf 86' lang='lat' dir='ltr'><strong>praesertim</strong></span> <span class='ocrx_word' id='word_1_93' title='bbox 2738 1594 2948 1662; x_wconf 78' lang='lat' dir='ltr'><strong>frater</strong></span> <span class='ocrx_word' id='word_1_94' title='bbox 3001 1571 3180 1686; x_wconf 40' lang='lat' dir='ltr'><strong>regi}</strong></span> 
     </span>
     <span class='ocr_line' id='line_1_15' title="bbox 682 1711 3180 1804; baseline 0 -24"><span class='ocrx_word' id='word_1_95' title='bbox 682 1711 1006 1781; x_wconf 83' lang='lat' dir='ltr'><strong>defuncti.</strong></span> <span class='ocrx_word' id='word_1_96' title='bbox 1074 1713 1448 1799; x_wconf 77' lang='lat' dir='ltr'><strong>Quomodo</strong></span> <span class='ocrx_word' id='word_1_97' title='bbox 1501 1714 1903 1782; x_wconf 86' lang='lat' dir='ltr'><strong>Gensericus</strong></span> <span class='ocrx_word' id='word_1_98' title='bbox 1927 1762 1947 1799; x_wconf 95' lang='lat'>‚</span> <span class='ocrx_word' id='word_1_99' title='bbox 1998 1734 2287 1804; x_wconf 83' lang='lat' dir='ltr'><strong>magnus</strong></span> <span class='ocrx_word' id='word_1_100' title='bbox 2338 1713 2537 1804; x_wconf 84' lang='lat' dir='ltr'><strong>regni</strong></span> <span class='ocrx_word' id='word_1_101' title='bbox 2588 1712 2908 1782; x_wconf 83' lang='lat' dir='ltr'><strong>fundator</strong></span> <span class='ocrx_word' id='word_1_102' title='bbox 2930 1763 2949 1798; x_wconf 87' lang='lat'>‚</span> <span class='ocrx_word' id='word_1_103' title='bbox 3006 1714 3180 1804; x_wconf 62' lang='lat' dir='ltr'><strong>hanog</strong></span> 
     </span>
    </p>
   </div>
   <div class='ocr_carea' id='block_1_5' title="bbox 682 1831 2855 1926">
    <p class='ocr_par' dir='ltr' id='par_1_7' title="bbox 682 1831 2855 1926">
     <span class='ocr_line' id='line_1_16' title="bbox 682 1831 2855 1926; baseline 0 -27"><span class='ocrx_word' id='word_1_104' title='bbox 682 1831 1028 1924; x_wconf 84' lang='lat' dir='ltr'><strong>antiquam</strong></span> <span class='ocrx_word' id='word_1_105' title='bbox 1080 1831 1631 1904; x_wconf 81' lang='lat' dir='ltr'><strong>consuetudinem</strong></span> <span class='ocrx_word' id='word_1_106' title='bbox 1680 1833 1841 1926; x_wconf 84' lang='lat' dir='ltr'><strong>lege</strong></span> <span class='ocrx_word' id='word_1_107' title='bbox 1890 1833 2201 1920; x_wconf 81' lang='lat' dir='ltr'><strong>sanxerit,</strong></span> <span class='ocrx_word' id='word_1_108' title='bbox 2252 1831 2427 1899; x_wconf 82' lang='lat' dir='ltr'><strong>infra</strong></span> <span class='ocrx_word' id='word_1_109' title='bbox 2480 1831 2855 1900; x_wconf 85' lang='lat' dir='ltr'><strong>ostendam.</strong></span> 
     </span>
    </p>
   </div>
   <div class='ocr_carea' id='block_1_6' title="bbox 1726 2040 2133 2054">
    <p class='ocr_par' dir='ltr' id='par_1_8' title="bbox 1726 2040 2133 2054">
     <span class='ocr_line' id='line_1_17' title="bbox 1726 2040 2133 2054; baseline -0.005 0"><span class='ocrx_word' id='word_1_110' title='bbox 1726 2040 2133 2054; x_wconf 37' lang='grc' dir='ltr'><strong>ΨΜ</strong></span> 
     </span>
    </p>
   </div>
   <div class='ocr_carea' id='block_1_7' title="bbox 1874 2269 2079 2369">
    <p class='ocr_par' dir='ltr' id='par_1_9' title="bbox 1874 2269 2079 2369">
     <span class='ocr_line' id='line_1_18' title="bbox 1874 2269 2079 2369; baseline 0.01 -29"><span class='ocrx_word' id='word_1_111' title='bbox 1874 2269 1951 2369; x_wconf 75' lang='lat'><strong>§-</strong></span> <span class='ocrx_word' id='word_1_112' title='bbox 2006 2274 2079 2342; x_wconf 84' lang='lat'><strong>3.</strong></span> 
     </span>
    </p>
   </div>
   <div class='ocr_carea' id='block_1_8' title="bbox 937 2387 2901 2450">
    <p class='ocr_par' dir='ltr' id='par_1_10' title="bbox 937 2387 2901 2450">
     <span class='ocr_line' id='line_1_19' title="bbox 937 2387 2901 2450; baseline -0.001 -2"><span class='ocrx_word' id='word_1_113' title='bbox 937 2389 1044 2448; x_wconf 83' lang='lat' dir='ltr'><strong>DE</strong></span> <span class='ocrx_word' id='word_1_114' title='bbox 1089 2387 1608 2450; x_wconf 69' lang='lat' dir='ltr'><strong>FUNDATIONE</strong></span> <span class='ocrx_word' id='word_1_115' title='bbox 1657 2387 1913 2450; x_wconf 79' lang='lat' dir='ltr'><strong>REGM</strong></span> <span class='ocrx_word' id='word_1_116' title='bbox 1957 2387 2405 2450; x_wconf 72' lang='lat' dir='ltr'><strong>VANDALICI</strong></span> <span class='ocrx_word' id='word_1_117' title='bbox 2446 2387 2533 2449; x_wconf 78' lang='lat' dir='ltr'><strong>IN</strong></span> <span class='ocrx_word' id='word_1_118' title='bbox 2575 2387 2901 2448; x_wconf 77' lang='lat' dir='ltr'><strong>AFRICA.</strong></span> 
     </span>
    </p>
   </div>
   <div class='ocr_carea' id='block_1_9' title="bbox 677 2559 3181 4443">
    <p class='ocr_par' dir='ltr' id='par_1_11' title="bbox 677 2537 3181 4443">
     <span class='ocr_line' id='line_1_20' title="bbox 889 2559 3181 2655; baseline 0.001 -26"><span class='ocrx_word' id='word_1_119' title='bbox 889 2561 1290 2632; x_wconf 85' lang='lat' dir='ltr'><strong>Gensericus</strong></span> <span class='ocrx_word' id='word_1_120' title='bbox 1323 2586 1474 2634; x_wconf 91' lang='lat' dir='ltr'><strong>cum</strong></span> <span class='ocrx_word' id='word_1_121' title='bbox 1514 2564 1833 2633; x_wconf 85' lang='lat' dir='ltr'><strong>Vandalis</strong></span> <span class='ocrx_word' id='word_1_122' title='bbox 1885 2563 2040 2643; x_wconf 67' lang='lat' dir='ltr'><strong>suia,</strong></span> <span class='ocrx_word' id='word_1_123' title='bbox 2094 2565 2495 2655; x_wconf 85' lang='lat' dir='ltr'><strong>quibuscum</strong></span> <span class='ocrx_word' id='word_1_124' title='bbox 2532 2559 2720 2631; x_wconf 82' lang='lat' dir='ltr'><strong>mixti</strong></span> <span class='ocrx_word' id='word_1_125' title='bbox 2754 2571 2945 2629; x_wconf 87' lang='lat' dir='ltr'><strong>erant</strong></span> <span class='ocrx_word' id='word_1_126' title='bbox 2979 2564 3181 2632; x_wconf 80' lang='lat' dir='ltr'><strong>Alani</strong></span> 
     </span>
     <span class='ocr_line' id='line_1_21' title="bbox 682 2679 3181 2776; baseline 0.001 -30"><span class='ocrx_word' id='word_1_127' title='bbox 682 2679 934 2769; x_wconf 86' lang='lat' dir='ltr'><strong>aliique</strong></span> <span class='ocrx_word' id='word_1_128' title='bbox 989 2682 1360 2770; x_wconf 89' lang='lat' dir='ltr'><strong>Germani,</strong></span> <span class='ocrx_word' id='word_1_129' title='bbox 1430 2682 1735 2753; x_wconf 81' lang='lat' dir='ltr'><strong>Africam</strong></span> <span class='ocrx_word' id='word_1_130' title='bbox 1787 2685 2073 2776; x_wconf 88' lang='lat' dir='ltr'><strong>petebat</strong></span> <span class='ocrx_word' id='word_1_131' title='bbox 2120 2706 2185 2751; x_wconf 89' lang='lat' dir='ltr'><strong>a.</strong></span> <span class='ocrx_word' id='word_1_132' title='bbox 2238 2682 2429 2769; x_wconf 77' lang='lat'><strong>429,</strong></span> <span class='ocrx_word' id='word_1_133' title='bbox 2492 2682 2857 2771; x_wconf 86' lang='lat' dir='ltr'><strong>multisque</strong></span> <span class='ocrx_word' id='word_1_134' title='bbox 2906 2685 3181 2772; x_wconf 76' lang='lat' dir='ltr'><strong>praeliis</strong></span> 
     </span>
     <span class='ocr_line' id='line_1_22' title="bbox 683 2800 3180 2896; baseline 0.003 -31"><span class='ocrx_word' id='word_1_135' title='bbox 683 2800 914 2890; x_wconf 82' lang='lat' dir='ltr'><strong>copias</strong></span> <span class='ocrx_word' id='word_1_136' title='bbox 964 2802 1432 2871; x_wconf 87' lang='lat' dir='ltr'><strong>Romanorum</strong></span> <span class='ocrx_word' id='word_1_137' title='bbox 1481 2804 1576 2871; x_wconf 86' lang='lat' dir='ltr'><strong>ita</strong></span> <span class='ocrx_word' id='word_1_138' title='bbox 1638 2803 2082 2896; x_wconf 83' lang='lat' dir='ltr'><strong>profligabat,</strong></span> <span class='ocrx_word' id='word_1_139' title='bbox 2136 2811 2213 2870; x_wconf 87' lang='lat' dir='ltr'><strong>ut</strong></span> <span class='ocrx_word' id='word_1_140' title='bbox 2248 2802 2751 2871; x_wconf 84' lang='lat' dir='ltr'><strong>Valentinianus</strong></span> <span class='ocrx_word' id='word_1_141' title='bbox 2804 2800 3180 2892; x_wconf 82' lang='lat' dir='ltr'><strong>imperator</strong></span> 
     </span>
     <span class='ocr_line' id='line_1_23' title="bbox 681 2917 3177 3013; baseline -0 -30"><span class='ocrx_word' id='word_1_142' title='bbox 681 2940 743 2984; x_wconf 87' lang='lat' dir='ltr'><strong>a.</strong></span> <span class='ocrx_word' id='word_1_143' title='bbox 817 2917 966 2988; x_wconf 83' lang='lat'><strong>435</strong></span> <span class='ocrx_word' id='word_1_144' title='bbox 1040 2943 1212 3013; x_wconf 86' lang='lat' dir='ltr'><strong>pace</strong></span> <span class='ocrx_word' id='word_1_145' title='bbox 1277 2920 1458 2989; x_wconf 84' lang='lat' dir='ltr'><strong>facta</strong></span> <span class='ocrx_word' id='word_1_146' title='bbox 1538 2920 1929 3013; x_wconf 88' lang='lat' dir='ltr'><strong>portionem</strong></span> <span class='ocrx_word' id='word_1_147' title='bbox 2002 2920 2277 2990; x_wconf 85' lang='lat' dir='ltr'><strong>Africae</strong></span> <span class='ocrx_word' id='word_1_148' title='bbox 2367 2971 2413 3007; x_wconf 87' lang='lat'>„</span> <span class='ocrx_word' id='word_1_149' title='bbox 2442 2924 2549 2991; x_wconf 80' lang='lat' dir='ltr'><strong>ad</strong></span> <span class='ocrx_word' id='word_1_150' title='bbox 2617 2919 3118 2990; x_wconf 76' lang='lat' dir='ltr'><strong>habitandum.</strong></span> <span class='ocrx_word' id='word_1_151' title='bbox 3141 2928 3177 2961; x_wconf 79' lang='grc'>“</span> 
     </span>
     <span class='ocr_line' id='line_1_24' title="bbox 680 3034 3180 3133; baseline 0.001 -27"><span class='ocrx_word' id='word_1_152' title='bbox 680 3035 1004 3106; x_wconf 84' lang='lat' dir='ltr'><strong>Vandalis</strong></span> <span class='ocrx_word' id='word_1_153' title='bbox 1059 3040 1430 3108; x_wconf 82' lang='lat' dir='ltr'><strong>concedere</strong></span> <span class='ocrx_word' id='word_1_154' title='bbox 1481 3050 1844 3133; x_wconf 84' lang='lat' dir='ltr'><strong>cogeretur</strong></span> <span class='ocrx_word' id='word_1_155' title='bbox 1874 3034 1963 3107; x_wconf 74' lang='lat'><strong>³0.</strong></span> <span class='ocrx_word' id='word_1_156' title='bbox 2060 3038 2551 3131; x_wconf 83' lang='lat' dir='ltr'><strong>Carthaginem</strong></span> <span class='ocrx_word' id='word_1_157' title='bbox 2608 3040 2834 3131; x_wconf 78' lang='lat' dir='ltr'><strong>¹ipsam</strong></span> <span class='ocrx_word' id='word_1_158' title='bbox 2885 3039 3180 3109; x_wconf 80' lang='lat' dir='ltr'><strong>Romani</strong></span> 
     </span>
     <span class='ocr_line' id='line_1_25' title="bbox 681 3156 3180 3250; baseline 0.002 -26"><span class='ocrx_word' id='word_1_159' title='bbox 681 3156 1128 3244; x_wconf 86' lang='lat' dir='ltr'><strong>retinuerunt,</strong></span> <span class='ocrx_word' id='word_1_160' title='bbox 1183 3160 1304 3229; x_wconf 91' lang='lat' dir='ltr'><strong>sed</strong></span> <span class='ocrx_word' id='word_1_161' title='bbox 1357 3161 1557 3229; x_wconf 87' lang='lat' dir='ltr'><strong>etiam</strong></span> <span class='ocrx_word' id='word_1_162' title='bbox 1609 3160 1787 3227; x_wconf 87' lang='lat' dir='ltr'><strong>hanc</strong></span> <span class='ocrx_word' id='word_1_163' title='bbox 1839 3159 2084 3228; x_wconf 86' lang='lat' dir='ltr'><strong>urbem</strong></span> <span class='ocrx_word' id='word_1_164' title='bbox 2116 3160 2670 3250; x_wconf 86' lang='lat' dir='ltr'><strong>potentissimam,</strong></span> <span class='ocrx_word' id='word_1_165' title='bbox 2724 3158 2939 3226; x_wconf 84' lang='lat' dir='ltr'><strong>fracta</strong></span> <span class='ocrx_word' id='word_1_166' title='bbox 2978 3172 3180 3249; x_wconf 47' lang='lat' dir='ltr'><strong>pacet</strong></span> 
     </span>
     <span class='ocr_line' id='line_1_26' title="bbox 681 3275 3180 3371; baseline 0 -27"><span class='ocrx_word' id='word_1_167' title='bbox 681 3276 1085 3349; x_wconf 84' lang='lat' dir='ltr'><strong>Gensericus</strong></span> <span class='ocrx_word' id='word_1_168' title='bbox 1139 3304 1199 3348; x_wconf 88' lang='lat' dir='ltr'><strong>a.</strong></span> <span class='ocrx_word' id='word_1_169' title='bbox 1227 3280 1380 3349; x_wconf 86' lang='lat'><strong>439</strong></span> <span class='ocrx_word' id='word_1_170' title='bbox 1433 3278 1816 3371; x_wconf 79' lang='lat' dir='ltr'><strong>occupavit.</strong></span> <span class='ocrx_word' id='word_1_171' title='bbox 1870 3278 2075 3346; x_wconf 92' lang='lat' dir='ltr'><strong>Bello</strong></span> <span class='ocrx_word' id='word_1_172' title='bbox 2128 3278 2353 3347; x_wconf 87' lang='lat' dir='ltr'><strong>denuo</strong></span> <span class='ocrx_word' id='word_1_173' title='bbox 2403 3277 2681 3369; x_wconf 86' lang='lat' dir='ltr'><strong>incepto</strong></span> <span class='ocrx_word' id='word_1_174' title='bbox 2714 3275 3009 3347; x_wconf 83' lang='lat' dir='ltr'><strong>secunda</strong></span> <span class='ocrx_word' id='word_1_175' title='bbox 3046 3296 3180 3369; x_wconf 63' lang='lat' dir='ltr'><strong>pax</strong></span> 
     </span>
     <span class='ocr_line' id='line_1_27' title="bbox 679 3396 3180 3490; baseline 0.001 -28"><span class='ocrx_word' id='word_1_176' title='bbox 679 3418 835 3463; x_wconf 89' lang='lat' dir='ltr'><strong>cum</strong></span> <span class='ocrx_word' id='word_1_177' title='bbox 890 3396 1218 3467; x_wconf 85' lang='lat' dir='ltr'><strong>Romanis</strong></span> <span class='ocrx_word' id='word_1_178' title='bbox 1270 3423 1335 3468; x_wconf 89' lang='lat' dir='ltr'><strong>a.</strong></span> <span class='ocrx_word' id='word_1_179' title='bbox 1367 3398 1540 3467; x_wconf 79' lang='lat'><strong>442</strong></span> <span class='ocrx_word' id='word_1_180' title='bbox 1593 3400 1799 3467; x_wconf 84' lang='lat' dir='ltr'><strong>finem</strong></span> <span class='ocrx_word' id='word_1_181' title='bbox 1850 3397 2201 3490; x_wconf 85' lang='lat' dir='ltr'><strong>imposuit.</strong></span> <span class='ocrx_word' id='word_1_182' title='bbox 2292 3398 2405 3464; x_wconf 90' lang='lat' dir='ltr'><strong>Ab</strong></span> <span class='ocrx_word' id='word_1_183' title='bbox 2458 3396 2590 3465; x_wconf 87' lang='lat' dir='ltr'><strong>hac</strong></span> <span class='ocrx_word' id='word_1_184' title='bbox 2641 3418 2815 3489; x_wconf 86' lang='lat' dir='ltr'><strong>pace</strong></span> <span class='ocrx_word' id='word_1_185' title='bbox 2862 3397 3180 3467; x_wconf 78' lang='lat' dir='ltr'><strong>fundatio</strong></span> 
     </span>
     <span class='ocr_line' id='line_1_28' title="bbox 681 3514 3180 3608; baseline 0.003 -30"><span class='ocrx_word' id='word_1_186' title='bbox 681 3514 880 3603; x_wconf 82' lang='lat' dir='ltr'><strong>regni</strong></span> <span class='ocrx_word' id='word_1_187' title='bbox 930 3514 1284 3584; x_wconf 88' lang='lat' dir='ltr'><strong>Vandalici</strong></span> <span class='ocrx_word' id='word_1_188' title='bbox 1333 3519 1403 3584; x_wconf 88' lang='lat' dir='ltr'><strong>in</strong></span> <span class='ocrx_word' id='word_1_189' title='bbox 1453 3516 1691 3585; x_wconf 84' lang='lat' dir='ltr'><strong>Africa</strong></span> <span class='ocrx_word' id='word_1_190' title='bbox 1740 3528 1840 3586; x_wconf 86' lang='lat' dir='ltr'><strong>est</strong></span> <span class='ocrx_word' id='word_1_191' title='bbox 1890 3516 2372 3608; x_wconf 86' lang='lat' dir='ltr'><strong>computanda.</strong></span> <span class='ocrx_word' id='word_1_192' title='bbox 2460 3516 2695 3585; x_wconf 84' lang='lat' dir='ltr'><strong>Prima</strong></span> <span class='ocrx_word' id='word_1_193' title='bbox 2760 3538 2935 3608; x_wconf 86' lang='lat' dir='ltr'><strong>pace</strong></span> <span class='ocrx_word' id='word_1_194' title='bbox 2984 3516 3180 3585; x_wconf 89' lang='lat' dir='ltr'><strong>Van··</strong></span> 
     </span>
     <span class='ocr_line' id='line_1_29' title="bbox 681 3629 3181 3725; baseline 0.002 -27"><span class='ocrx_word' id='word_1_195' title='bbox 681 3629 852 3698; x_wconf 88' lang='lat' dir='ltr'><strong>dalis</strong></span> <span class='ocrx_word' id='word_1_196' title='bbox 926 3630 1142 3717; x_wconf 86' lang='lat' dir='ltr'><strong>„data</strong></span> <span class='ocrx_word' id='word_1_197' title='bbox 1191 3634 1426 3725; x_wconf 83' lang='lat' dir='ltr'><strong>portio</strong></span> <span class='ocrx_word' id='word_1_198' title='bbox 1478 3635 1751 3702; x_wconf 86' lang='lat' dir='ltr'><strong>Africae</strong></span> <span class='ocrx_word' id='word_1_199' title='bbox 1802 3638 1909 3705; x_wconf 81' lang='lat' dir='ltr'><strong>ad</strong></span> <span class='ocrx_word' id='word_1_200' title='bbox 1959 3636 2493 3706; x_wconf 77' lang='lat' dir='ltr'><strong>habitandum“</strong></span> <span class='ocrx_word' id='word_1_201' title='bbox 2517 3684 2537 3721; x_wconf 86' lang='lat'>‚</span> <span class='ocrx_word' id='word_1_202' title='bbox 2608 3634 2901 3705; x_wconf 88' lang='lat' dir='ltr'><strong>secunda</strong></span> <span class='ocrx_word' id='word_1_203' title='bbox 2952 3647 3181 3704; x_wconf 83' lang='lat' dir='ltr'><strong>autem</strong></span> 
     </span>
     <span class='ocr_line' id='line_1_30' title="bbox 679 3750 3181 3849; baseline 0.002 -33"><span class='ocrx_word' id='word_1_204' title='bbox 679 3750 1094 3841; x_wconf 82' lang='lat' dir='ltr'><strong>imperator,</strong></span> <span class='ocrx_word' id='word_1_205' title='bbox 1150 3751 1533 3849; x_wconf 67' lang='lat' dir='ltr'><strong>definitiva</strong></span> <span class='ocrx_word' id='word_1_206' title='bbox 1582 3756 1863 3837; x_wconf 84' lang='lat' dir='ltr'><strong>ratione,</strong></span> <span class='ocrx_word' id='word_1_207' title='bbox 1918 3755 2019 3823; x_wconf 87' lang='lat' dir='ltr'><strong>eis·</strong></span> <span class='ocrx_word' id='word_1_208' title='bbox 2063 3765 2330 3848; x_wconf 89' lang='lat' dir='ltr'><strong>partem</strong></span> <span class='ocrx_word' id='word_1_209' title='bbox 2381 3754 2657 3823; x_wconf 80' lang='lat' dir='ltr'><strong>Africae</strong></span> <span class='ocrx_word' id='word_1_210' title='bbox 2706 3755 3039 3845; x_wconf 83' lang='lat' dir='ltr'><strong>optimam</strong></span> <span class='ocrx_word' id='word_1_211' title='bbox 3102 3780 3181 3821; x_wconf 74' lang='lat' dir='ltr'><strong>ac</strong></span> 
     </span>
     <span class='ocr_line' id='line_1_31' title="bbox 677 3870 3181 3965; baseline 0.001 -28"><span class='ocrx_word' id='word_1_212' title='bbox 677 3870 1036 3939; x_wconf 82' lang='lat' dir='ltr'><strong>maximam</strong></span> <span class='ocrx_word' id='word_1_213' title='bbox 1089 3874 1300 3960; x_wconf 81' lang='lat' dir='ltr'><strong>cessit,</strong></span> <span class='ocrx_word' id='word_1_214' title='bbox 1357 3896 1562 3963; x_wconf 87' lang='lat' dir='ltr'><strong>quam</strong></span> <span class='ocrx_word' id='word_1_215' title='bbox 1613 3872 1991 3943; x_wconf 78' lang='lat' dir='ltr'><strong>diversam</strong></span> <span class='ocrx_word' id='word_1_216' title='bbox 2044 3873 2393 3963; x_wconf 86' lang='lat' dir='ltr'><strong>utriusque</strong></span> <span class='ocrx_word' id='word_1_217' title='bbox 2444 3873 2629 3965; x_wconf 87' lang='lat' dir='ltr'><strong>pacti</strong></span> <span class='ocrx_word' id='word_1_218' title='bbox 2660 3874 2994 3942; x_wconf 86' lang='lat' dir='ltr'><strong>rationem</strong></span> <span class='ocrx_word' id='word_1_219' title='bbox 3026 3895 3181 3939; x_wconf 69' lang='lat' dir='ltr'><strong>ver-</strong></span> 
     </span>
     <span class='ocr_line' id='line_1_32' title="bbox 677 3986 3181 4086; baseline 0.002 -29"><span class='ocrx_word' id='word_1_220' title='bbox 677 3989 784 4059; x_wconf 91' lang='lat' dir='ltr'><strong>bis</strong></span> <span class='ocrx_word' id='word_1_221' title='bbox 837 3989 1166 4061; x_wconf 84' lang='lat' dir='ltr'><strong>distinctis</strong></span> <span class='ocrx_word' id='word_1_222' title='bbox 1217 3993 1523 4083; x_wconf 86' lang='lat' dir='ltr'><strong>Prosper</strong></span> <span class='ocrx_word' id='word_1_223' title='bbox 1567 3992 1823 4062; x_wconf 87' lang='lat' dir='ltr'><strong>indicat</strong></span> <span class='ocrx_word' id='word_1_224' title='bbox 1842 3986 1933 4062; x_wconf 78' lang='lat'><strong>⁵¹.</strong></span> <span class='ocrx_word' id='word_1_225' title='bbox 1986 3994 2372 4086; x_wconf 88' lang='lat' dir='ltr'><strong>Imperator</strong></span> <span class='ocrx_word' id='word_1_226' title='bbox 2412 4014 2493 4059; x_wconf 91' lang='lat' dir='ltr'><strong>ac</strong></span> <span class='ocrx_word' id='word_1_227' title='bbox 2541 4014 2662 4059; x_wconf 77' lang='lat' dir='ltr'><strong>rex</strong></span> <span class='ocrx_word' id='word_1_228' title='bbox 2698 3991 3181 4063; x_wconf 84' lang='lat' dir='ltr'><strong>Vandalorum</strong></span> 
     </span>
     <span class='ocr_line' id='line_1_33' title="bbox 677 4111 3181 4205; baseline 0.002 -28"><span class='ocrx_word' id='word_1_229' title='bbox 677 4111 904 4200; x_wconf 85' lang='lat' dir='ltr'><strong>plane</strong></span> <span class='ocrx_word' id='word_1_230' title='bbox 938 4134 1023 4181; x_wconf 82' lang='lat' dir='ltr'><strong>ex</strong></span> <span class='ocrx_word' id='word_1_231' title='bbox 1073 4134 1296 4203; x_wconf 85' lang='lat' dir='ltr'><strong>aequo</strong></span> <span class='ocrx_word' id='word_1_232' title='bbox 1347 4113 1671 4205; x_wconf 84' lang='lat' dir='ltr'><strong>agebant,</strong></span> <span class='ocrx_word' id='word_1_233' title='bbox 1722 4114 1819 4183; x_wconf 88' lang='lat' dir='ltr'><strong>ita</strong></span> <span class='ocrx_word' id='word_1_234' title='bbox 1868 4123 1946 4182; x_wconf 89' lang='lat' dir='ltr'><strong>ut</strong></span> <span class='ocrx_word' id='word_1_235' title='bbox 1994 4114 2382 4204; x_wconf 83' lang='lat' dir='ltr'><strong>Imperator</strong></span> <span class='ocrx_word' id='word_1_236' title='bbox 2415 4132 2503 4180; x_wconf 90' lang='lat' dir='ltr'><strong>ne</strong></span> <span class='ocrx_word' id='word_1_237' title='bbox 2554 4111 2849 4202; x_wconf 88' lang='lat' dir='ltr'><strong>speciem</strong></span> <span class='ocrx_word' id='word_1_238' title='bbox 2902 4111 3181 4200; x_wconf 84' lang='lat' dir='ltr'><strong>quiden]</strong></span> 
     </span>
     <span class='ocr_line' id='line_1_34' title="bbox 678 4229 3181 4323; baseline 0.003 -29"><span class='ocrx_word' id='word_1_239' title='bbox 678 4229 1099 4322; x_wconf 75' lang='lat' dir='ltr'><strong>principatus</strong></span> <span class='ocrx_word' id='word_1_240' title='bbox 1147 4230 1516 4323; x_wconf 86' lang='lat' dir='ltr'><strong>superioris</strong></span> <span class='ocrx_word' id='word_1_241' title='bbox 1565 4232 1693 4300; x_wconf 87' lang='lat' dir='ltr'><strong>sibi</strong></span> <span class='ocrx_word' id='word_1_242' title='bbox 1743 4253 2087 4301; x_wconf 79' lang='lat' dir='ltr'><strong>reservare</strong></span> <span class='ocrx_word' id='word_1_243' title='bbox 2156 4240 2387 4323; x_wconf 87' lang='lat' dir='ltr'><strong>posset</strong></span> <span class='ocrx_word' id='word_1_244' title='bbox 2436 4230 2506 4298; x_wconf 89' lang='lat' dir='ltr'><strong>in</strong></span> <span class='ocrx_word' id='word_1_245' title='bbox 2555 4252 2776 4323; x_wconf 84' lang='lat' dir='ltr'><strong>regno</strong></span> <span class='ocrx_word' id='word_1_246' title='bbox 2828 4230 3181 4301; x_wconf 66' lang='lat' dir='ltr'><strong>Vandalw</strong></span> 
     </span>
     <span class='ocr_line' id='line_1_35' title="bbox 677 4347 3181 4443; baseline 0.004 -31"><span class='ocrx_word' id='word_1_247' title='bbox 677 4366 830 4415; x_wconf 85' lang='lat' dir='ltr'><strong>rum</strong></span> <span class='ocrx_word' id='word_1_248' title='bbox 847 4397 867 4434; x_wconf 89' lang='lat'><strong><em>‚</em></strong></span> <span class='ocrx_word' id='word_1_249' title='bbox 919 4371 1100 4438; x_wconf 84' lang='lat' dir='ltr'><strong>quae</strong></span> <span class='ocrx_word' id='word_1_250' title='bbox 1147 4371 1275 4441; x_wconf 87' lang='lat' dir='ltr'><strong>per</strong></span> <span class='ocrx_word' id='word_1_251' title='bbox 1324 4350 1617 4443; x_wconf 83' lang='lat' dir='ltr'><strong>longum</strong></span> <span class='ocrx_word' id='word_1_252' title='bbox 1666 4360 1937 4443; x_wconf 87' lang='lat' dir='ltr'><strong>tempus</strong></span> <span class='ocrx_word' id='word_1_253' title='bbox 1988 4347 2079 4419; x_wconf 90' lang='lat' dir='ltr'><strong>ab</strong></span> <span class='ocrx_word' id='word_1_254' title='bbox 2130 4349 2423 4443; x_wconf 85' lang='lat' dir='ltr'><strong>imperio</strong></span> <span class='ocrx_word' id='word_1_255' title='bbox 2476 4350 2797 4420; x_wconf 83' lang='lat' dir='ltr'><strong>Romano</strong></span> <span class='ocrx_word' id='word_1_256' title='bbox 2845 4348 3181 4421; x_wconf 83' lang='lat' dir='ltr'><strong>retineba-</strong></span> 
     </span>
    </p>
   </div>
  </div>
 </body>
</html>
