3229 5225
1305 227 1382 290 11

80 418 198 475 tur
251 407 326 474 in
373 406 602 499 regnis
654 403 1234 497 Burgundionum
1283 413 1494 494 atque
1543 401 2087 497 visigothorum.
2176 406 2335 492 Qua
2384 427 2469 476 ex
2518 429 2595 476 re

85 525 472 617 repetenda
521 535 624 594 est
671 523 935 594 diversa
984 521 1495 592 tractandorum
1563 524 2089 616 provincialium
2156 527 2333 595 ratio
2404 525 2596 619 apud

76 643 214 712 hos
273 646 578 736 populos
629 653 840 733 atque
893 642 963 710 in
1014 642 1486 711 Vandalorum
1555 665 1801 736 regno.
1893 642 2187 713 Vandali
2238 644 2423 716 nudo
2476 667 2590 714 oc·

83 763 470 855 cupationis
512 761 674 854 jure
722 763 1026 831 Africam
1075 761 1537 853 possidebant,
1587 785 1717 854 nec
1746 763 1967 834 ullum
2000 773 2263 834 certum
2284 763 2402 856 jus
2424 787 2589 856 pro·-

81 882 472 951 vincialium
521 881 1006 974 agnoscebant.
1061 881 1318 952 Divisio
1367 890 1731 970 terrarum,
1784 881 1983 954 certis
2014 883 2273 976 regulis
2306 881 2593 953 circum-

83 1001 362 1093 scripta,
414 1002 591 1070 inter
638 1000 981 1070 Vandalus
1031 1023 1112 1070 ac
1162 1001 1612 1093 provinciales
1664 1023 1803 1072 non
1850 1001 2031 1073 facta
2081 1011 2203 1088 est,
2254 1001 2375 1072 sed
2411 1002 2591 1070 Van·

85 1121 232 1188 dali
283 1121 416 1213 ipsi
467 1121 642 1188 inter
693 1143 766 1188 se
816 1131 1032 1190 terras
1083 1120 1440 1206 „funiculo
1489 1119 1933 1190 hereditatis“
1985 1121 2293 1192 divisere.
2382 1119 2595 1208 Quod

85 1238 616 1330 provincialibus
667 1238 1170 1328 relinquebant,
1224 1263 1412 1309 mera
1461 1262 1568 1308 res
1622 1239 1887 1332 gratiae
1940 1251 2087 1311 erat
2106 1231 2197 1309 ⁵².

292 1359 762 1428 Valentiniano
813 1358 1232 1450 imperatore
1265 1367 1562 1441 mortuo,
1627 1359 2029 1430 Gensericus
2060 1361 2231 1430 fines
2263 1359 2461 1450 regni
2492 1358 2594 1428 sui

77 1480 180 1547 ita
255 1479 656 1571 proferebat
673 1529 694 1564 ,
761 1487 842 1547 ut
898 1480 1050 1569 jam
1115 1477 1324 1549 totius
1392 1475 1669 1546 Africae
1736 1478 2067 1548 ambitum
2140 1477 2479 1548 obtineret
2501 1466 2591 1545 ³³.

79 1599 232 1666 Nec
282 1598 546 1668 bellum
596 1600 773 1667 inter
824 1606 1194 1688 utrumque
1243 1597 1610 1689 imperium
1676 1597 2065 1667 Romanum
2118 1621 2201 1668 ac
2251 1596 2593 1667 Vandalus

75 1718 340 1784 saevire
367 1717 716 1785 desinebat
739 1739 958 1804 usque
1009 1716 1098 1784 ad
1138 1739 1410 1809 pacem
1460 1716 1983 1810 sempiternam
2010 1705 2099 1803 ³4,
2156 1739 2363 1808 quam
2399 1716 2593 1784 Gen-

77 1835 338 1904 sericus
391 1857 456 1903 a.
507 1833 658 1903 475
713 1857 870 1902 cum
921 1835 1197 1903 Zenone
1245 1835 1666 1926 imperatore
1717 1836 2107 1928 Byzantino
2159 1836 2342 1906 fecit.
2452 1835 2589 1904 Ea·

75 1953 246 2022 ‹lem
297 1953 562 2022 ratione
613 1954 819 2022 etiam
869 1975 1024 2022 cum
1074 1952 1368 2045 imperio
1419 1952 1820 2022 occidentali
1870 1967 1939 2024 et
1975 1965 2135 2046 post
2170 1955 2311 2022 eius
2360 1952 2591 2021 interi-

75 2086 234 2142 tum
269 2096 422 2142 cum
447 2071 771 2142 Odoacro
810 2071 1214 2140 Gensericus
1265 2070 1546 2139 foedera
1595 2071 1733 2157 icit,
1784 2082 1863 2142 ut
1892 2092 2208 2163 regnum,
2263 2093 2347 2140 ex
2370 2070 2589 2140 omni·-

77 2196 214 2262 bus
265 2192 576 2283 partibus
627 2193 1082 2284 pacificatum,
1138 2189 1488 2259 Hunerico
1540 2189 1687 2260 filio
1739 2190 2180 2282 relinqueret.

1149 2443 1530 2456 m

1234 2702 1310 2801 ς.
1366 2707 1438 2773 4.

743 2854 851 2913 DE
863 2939 879 2956 A!
895 2853 1244 2916 LEGIBUS
1278 2852 1861 2915 VANDALORUM.

287 3044 514 3114 Etiam
565 3038 633 3110 in
685 3042 1152 3117 Vandalorum
1201 3069 1422 3139 regno
1473 3046 1771 3116 Romani
1808 3044 1973 3136 jure
2026 3044 2343 3112 Romano
2395 3042 2587 3110 vive-

77 3166 274 3251 bant,
326 3164 620 3232 Vandali
661 3162 826 3255 jure
854 3156 1310 3234 «Germanico.
1401 3166 1510 3234 De
1559 3163 2027 3233 vandalorum
2068 3160 2233 3250 jure
2284 3181 2365 3225 ac
2414 3158 2590 3249 legi·

81 3283 216 3350 bus
267 3304 620 3374 perpauca
658 3282 926 3351 scimus.
975 3284 1150 3351 dure
1181 3282 1496 3351 Gothico
1533 3280 1877 3350 Vandalus
1925 3300 2081 3347 usos
2132 3278 2355 3365 fuisse,
2409 3280 2590 3347 Pro-

78 3400 324 3492 copius
377 3399 602 3466 doce-t.
658 3400 866 3467 Proc.
919 3400 1006 3466 de
1057 3399 1226 3467 bell.
1277 3398 1502 3466 Vand.
1539 3400 1596 3485 I,
1632 3398 1708 3466 2.
1763 3396 1974 3482 Quod
2026 3395 2302 3485 quidem
2354 3398 2443 3468 de
2497 3400 2591 3469 le-

81 3519 292 3612 gibus
341 3516 645 3609 scriptis
695 3538 832 3585 non
869 3528 974 3587 est
1007 3516 1529 3610 intelligendum
1551 3567 1571 3604 ,
1624 3516 1745 3587 sed
1782 3516 1873 3587 de
1907 3516 2199 3607 antiquis
2232 3527 2593 3591 consuetu-

81 3636 360 3705 dinibus
411 3637 664 3728 populi
715 3635 1021 3725 Gothici,
1077 3634 1268 3729 cujus
1321 3648 1590 3730 partem
1643 3638 2031 3709 efficiebant
2068 3637 2383 3708 Vandali.
2430 3700 2437 3707 .

288 3754 528 3825 Primo
579 3755 860 3846 quidem
913 3766 1190 3849 aspectu
1220 3758 1488 3837 *mirum
1539 3758 1831 3845 videtur,
1884 3756 2077 3849 quod
2126 3757 2419 3827 Vandali
2457 3780 2593 3827 non

78 3875 486 3965 reliquerint
528 3874 706 3966 juris
767 3875 976 3968 patrii
1025 3901 1104 3946 ac
1154 3877 1392 3970 legum
1442 3900 1719 3947 suarum
1788 3876 2304 3961 collectionem,
2358 3877 2595 3965 quales

77 4017 304 4086 paene
356 4016 588 4064 omnes
640 3997 893 4088 populi
921 3994 1311 4065 Germanici
1365 3994 1433 4061 in
1489 3995 1739 4085 regnis,
1790 3995 1861 4060 in
1895 3996 2046 4064 solo
2078 3996 2396 4063 Romano
2436 4014 2591 4059 con·

78 4112 264 4198 ditis,
317 4114 444 4183 sibi
497 4122 1053 4207 composuerant.
1105 4111 1502 4198 Quaeritur,
1555 4111 1909 4201 quomodo
1961 4113 2264 4205 populus
2314 4109 2593 4182 Vanda-⁸

79 4234 310 4301 lorum
360 4254 492 4323 per
543 4241 766 4303 totum
815 4231 1066 4303 saeculi
1131 4230 1430 4322 spatium
1450 4279 1470 4315 ,
1544 4228 1687 4297 sine
1756 4231 1942 4297 omni
2008 4230 2177 4324 juris
2229 4252 2309 4299 ac
2356 4231 2593 4325 legum

83 4373 383 4442 corpore
437 4372 787 4419 remanere
835 4347 1118 4442 potuit?
1203 4351 1310 4419 Ne
1369 4348 1522 4438 quis
1592 4348 1917 4441 opinetur
1966 4349 2433 4424 vandalorum
2482 4376 2593 4423 re·
