3229 5225
1297 248 1338 312 3

477 470 549 558 I.
626 469 1373 586 Ostrogotki.

271 660 490 732 Gothi
533 661 686 754 jam
737 687 778 731 a
827 662 1076 732 Tacito
1121 661 1204 732 iis
1252 665 1534 757 populis
1591 675 2143 752 annumerantur,
2197 667 2317 756 qui
2372 690 2569 761 reges

62 778 358 850 habent:
415 779 710 867 „harum
762 783 1068 875 gentium
1099 781 1360 875 insigne
1383 806 1550 876 erga
1574 805 1777 876 reges
1801 785 2275 874 obsequium,“
2327 785 2565 856 Germ.

65 923 129 967 c.
157 899 281 968 43.
352 899 536 970 Gens
591 901 786 992 regia
839 901 1285 970 Amalorum
1335 902 1426 970 ab
1471 903 1944 996 antiquissimis
1996 905 2419 996 temporibus
2460 907 2567 974 in-

59 1029 168 1088 ter
190 1019 462 1090 Gothos
515 1043 706 1089 sacra
726 1011 781 1088 ⁷.
832 1019 1327 1108 Ermanaricus,
1379 1043 1665 1116 magnus
1688 1021 2083 1092 Gothorum
2134 1045 2279 1108 rex,
2335 1047 2374 1091 a
2399 1024 2566 1094 Jor-

57 1138 280 1209 nande
333 1138 830 1226 „nobilissimus
878 1140 1339 1210 Amalorum“
1390 1151 1697 1229 vocatur,
1746 1143 1945 1211 Jorn.
2000 1141 2089 1210 de
2138 1143 2345 1212 rebus
2396 1144 2560 1216 Get.

53 1283 118 1326 c.
140 1257 286 1342 233
339 1281 566 1328 omnes
619 1256 766 1350 ejus
817 1281 1232 1330 successores
1282 1260 1633 1351 prodeunt
1658 1283 1743 1329 ex
1783 1261 2023 1330 eadem
2056 1262 2302 1331 illustri
2325 1264 2563 1356 stirpe,

51 1389 280 1446 tamen
331 1402 464 1448 non
515 1402 786 1471 semper
837 1401 1010 1449 unus
1058 1400 1200 1466 retr,
1251 1378 1372 1448 sed
1423 1379 1600 1447 inter
1650 1379 1893 1449 fratres
1927 1379 2195 1473 imperii
2247 1381 2486 1451 divisio
2502 1373 2558 1452 θ.

47 1497 118 1565 Α
173 1498 586 1567 Theoderici
638 1499 886 1593 Magni
935 1498 1364 1590 temporibus
1435 1497 1671 1567 divisio
1723 1498 1921 1592 regni
1960 1497 2110 1593 jam
2160 1520 2299 1567 non
2346 1499 2562 1570 habet

43 1617 298 1688 locum.
392 1618 618 1688 Etiam
687 1618 864 1688 inter
938 1617 1210 1687 Gothos
1251 1615 1368 1709 jus
1438 1618 1928 1700 hereditarium
1980 1619 2213 1712 regiae
2262 1620 2561 1689 familiae

41 1759 202 1803 cum
257 1737 586 1805 electione
611 1719 888 1829 *populi
945 1735 1384 1828 conjunctum
1438 1744 1562 1807 est‘.
1622 1738 2093 1808 Theodericus
2142 1737 2293 1830 ipse
2343 1739 2557 1831 patris

41 1854 519 1946 designatione
570 1867 778 1944 atque
830 1854 1226 1926 Gothorum
1296 1881 1619 1926 consensu
1689 1858 1778 1925 ad
1830 1867 2248 1951 potestatum
2303 1879 2557 1950 perve-

43 1975 150 2042 nit
169 1967 224 2042 9.
330 1973 824 2042 Deficientibus
873 1973 1068 2060 filiis,
1123 1973 1562 2044 Theoderico
1611 1976 1884 2067 Magno
1936 1977 2371 2046 Athalaricus
2393 2028 2413 2064 ‚
2468 1999 2553 2046 ex

33 2093 186 2160 filia
239 2091 730 2162 Amalasuntha
781 2113 996 2185 nepos
1015 2143 1036 2178 ,
1113 2093 1461 2178 successit,
1535 2090 1731 2184 cujus
1798 2105 2025 2162 tamen
2098 2103 2299 2185 pater
2350 2094 2551 2162 etiam

31 2215 324 2282 Amalus
372 2212 622 2281 fuerat.
673 2212 873 2280 Hanc
924 2212 1263 2304 originem
1295 2211 1727 2282 successionis
1761 2235 1923 2280 suae
1954 2236 2093 2282 esse
2144 2210 2563 2281 fundamen--v

31 2343 180 2400 tum
233 2332 688 2415 demonstrat,
767 2331 958 2420 quod
1009 2342 1236 2400 tamen
1288 2343 1491 2423 egeat
1558 2332 1811 2423 populi
1888 2333 2233 2424 agnitione
2283 2342 2353 2400 et
2404 2332 2548 2401 ele-

31 2453 258 2522 ctione
280 2446 368 2518 ¹0.
477 2450 880 2518 Athalarico
929 2461 1206 2520 mortuo
1225 2500 1246 2537 ,
1300 2450 1705 2519 Amalorum
1756 2451 2029 2543 sanguis
2079 2452 2175 2519 ita
2229 2452 2547 2544 respicie-

31 2573 262 2659 batur,
318 2580 393 2640 ut
443 2568 730 2657 femina,
785 2571 852 2639 T
854 2570 1204 2639 heoderici
1253 2570 1394 2640 filia
1443 2570 1955 2659 Amalasuntha‚
2009 2571 2271 2663 regiam
2322 2569 2544 2663 digni-

31 2704 244 2761 tatem
267 2691 628 2775 obtineret,
683 2713 915 2779 „quae
939 2689 1382 2760 Theodatum
1421 2691 1899 2758 consobrinum
1934 2690 2133 2781 regni
2182 2691 2285 2759 sui
2334 2690 2539 2759 facie·

31 2812 150 2880 bat
205 2808 664 2901 participem“
693 2805 720 2845 ¹
739 2804 786 2878 ¹.
858 2809 1005 2877 Sed
1059 2810 1262 2880 etiam
1312 2808 1429 2877 hic
1481 2820 1627 2876 erat
1679 2809 1980 2897 Amalus,
2033 2809 2539 2901 „germanitatis

31 2930 253 3025 gratia
305 2928 660 2997 accersitus
681 2931 752 3014 ,⁶⁶
801 2929 1002 2997 Jorn.
1055 2928 1168 2997 de·
1201 2928 1406 2997 rebus
1460 2928 1625 2999 Get.
1676 2950 1832 3020 cap.
1890 2927 2013 2999 59.
2068 2928 2251 2997 Sero
2293 2928 2537 3016 Gothi,

31 3048 456 3143 periclitante
507 3046 888 3139 republica,
941 3046 1382 3117 discedebant
1419 3050 1506 3115 ab
1531 3050 1936 3117 Amalorum
1985 3058 2192 3140 gente
2246 3057 2369 3136 „et
2394 3050 2540 3117 ‘eli-

31 3168 284 3263 gebant
343 3167 627 3259 Vitigim
647 3219 667 3255 ,
721 3168 945 3237 virum
995 3166 1186 3236 haud
1237 3168 1483 3235 illustri
1537 3168 1695 3235 loco
1745 3178 1979 3236 natum
1998 3216 2015 3244 ‚
2070 3167 2193 3235 sed
2252 3168 2535 3235 clarissi-

31 3310 207 3357 num
260 3286 578 3377 praeliis“
602 3278 688 3359 ¹².
778 3287 938 3379 Ipse
989 3296 1216 3356 tamen
1287 3284 1532 3377 Vitigis
1583 3308 1705 3353 sna
1758 3286 2087 3355 electione
2126 3283 2247 3375 jus
2296 3284 2531 3377 regiae

33 3407 248 3497 tirpis
299 3404 630 3473 violatum
681 3428 822 3473 esse
877 3405 1080 3473 sensit
1131 3426 1256 3473 nec
1323 3404 1482 3472 satis
1511 3402 1893 3493 legitimam
1928 3424 2117 3472 suam
2168 3404 2527 3473 successio·

31 3550 199 3595 tem.
257 3522 726 3609 Quamobrem
777 3534 1142 3617 „regnum
1195 3544 1404 3592 suum
1457 3520 1953 3617 confit-mane,
2009 3522 2270 3615 regiam
2323 3526 2525 3617 puel-

31 3666 154 3714 am
208 3641 810 3711 Mathesuentham
833 3690 852 3726 ‚
926 3640 1340 3709 Theoderici
1411 3642 1592 3735 regis
1644 3650 1919 3734 neptem
1941 3692 1961 3729 ,
2043 3642 2174 3711 sibi
2224 3645 2383 3735 plus
2434 3646 2524 3732 vi,

31 3786 224 3857 [uam
275 3783 508 3829 amore
559 3762 910 3852 copulat,“
959 3762 1158 3830 Jorn.
1211 3760 1298 3828 de
1347 3782 1721 3854 regnorum
1771 3747 2206 3831 successione.

219 3880 806 3975 ostrogothorum
838 3903 1118 3971 quoque
1152 3902 1444 3973 regnum
1477 3881 1945 3971 antiquissimis
1978 3882 2067 3949 ab
2092 3883 2519 3975 temporibus

33 4024 226 4091 sque
279 4000 367 4069 ad
417 3999 762 4069 interitum
833 4000 1370 4069 hereditarium
1440 4010 1589 4069 erat
1636 4001 1705 4067 in
1758 4008 1964 4091 gente
2015 4000 2209 4092 regia
2278 3999 2517 4090 („quis

31 4122 188 4189 nim
242 4120 330 4187 de
381 4120 628 4187 Amalo
679 4120 1068 4204 dubitaret,
1119 4117 1174 4185 si
1225 4130 1520 4187 vacasset
1589 4120 1847 4209 eligere
1871 4118 2015 4208 !“);
2080 4116 2200 4186 sed
2269 4116 2516 4185 nemini

31 4265 77 4311 κ
142 4240 282 4306 hac
329 4238 582 4307 familia
632 4240 772 4308 sine
825 4237 1154 4307 electione
1205 4236 1452 4328 populi
1522 4235 1785 4326 regiam
1854 4234 2259 4326 dignitatem
2334 4256 2511 4302 asse-

34 4361 122 4430 ui
179 4358 454 4432 licebat.

1980 4477 2011 4527 1
2044 4473 2071 4504 *
