3229 5225
1896 235 1981 302 32

2018 323 2099 334 0...-

691 419 956 493 mordio
1028 417 1365 488 retinebat
1383 465 1404 500 ‚
1498 424 1741 509 postea
1808 415 1897 482 ad
1968 412 2307 484 orientalis
2396 409 2827 482 monarchiae
2894 411 3126 482 formam

689 539 1006 634 proxime
1057 535 1450 606 accedebat.
1567 533 1895 606 Germani
1944 531 2239 622 denique
2258 583 2279 619 ‚
2354 532 2631 602 simulac
2680 531 2751 598 in
2802 531 2995 600 ruinis
3036 532 3127 600 im-

690 658 868 751 perii
918 633 1216 725 Romani
1265 675 1442 724 nova
1489 676 1709 746 regna
1760 651 2209 722 condiderunt
2227 701 2250 738 ‚
2320 673 2566 719 novam
2616 651 2903 718 formam
2950 648 3129 720 civita-

687 779 774 848 tis
821 773 1336 845 monarchiam
1371 771 1446 841 in
1489 773 1714 866 regia
1760 768 2078 865 familia
2120 767 2659 838 hereditariam
2710 776 2929 862 atque
2964 769 3130 838 certis

691 893 986 990 legibus
1017 892 1658 984 circumscriptam
1712 888 2256 962 introduxerunt.
2333 887 2727 977 Utrumque
2776 898 3130 957 momentum

688 1013 928 1084 deerat
973 1011 1267 1102 imperio
1318 1010 1660 1079 Romano.

895 1129 1304 1223 Imperatori
1355 1129 1635 1220 quidem
1706 1126 1958 1194 licebat
2030 1127 2391 1219 designare
2438 1125 2566 1195 sibi
2611 1146 3041 1194 successorem

689 1252 814 1342 qui
863 1248 1012 1341 ejus
1061 1248 1238 1318 filius
1287 1257 1408 1317 aut
1454 1268 1657 1315 verus
1707 1225 1825 1314 aut
1875 1244 2237 1336 adoptivus
2273 1267 2413 1314 esse
2444 1245 2751 1328 solebat3
2802 1243 2929 1322 sed,
2954 1265 3134 1312 verum

680 1369 797 1463 jus
845 1367 1339 1437 hereditarium
1360 1420 1379 1452 ,
1461 1365 1651 1456 quod
1704 1363 2014 1433 omnibus
2068 1364 2272 1456 primi
2326 1362 2727 1453 acquirentis
2778 1361 3134 1430 descenden-

690 1489 872 1558 tibus
919 1487 1222 1556 innatum
1243 1536 1262 1574 ,
1312 1486 1505 1554 nullo
1555 1484 1843 1553 arbitrio
1898 1482 2103 1550 adimi
2152 1493 2419 1574 potest,
2472 1481 2767 1549 familiae
2815 1481 3132 1573 imperato·

689 1609 831 1676 riae
881 1628 1312 1696 nequaquam
1371 1603 1834 1694 competebat.
1938 1601 2329 1694 Aretissim‘a
2371 1599 2547 1690 juris
2599 1600 2864 1692 publici
2916 1622 3132 1668 monar-

691 1724 868 1793 chici
919 1747 1072 1792 cnm
1115 1723 1278 1815 jure
1344 1721 1761 1789 hereditario
1810 1720 2045 1813 regiae
2114 1719 2407 1786 familiae
2476 1719 2883 1788 consociatio
2935 1717 3133 1810 princi-

689 1843 884 1938 pium
935 1852 1036 1910 est
1086 1863 1246 1909 vere
1298 1839 1802 1909 Germanicum.

898 1961 1046 2041 Nec
1111 1957 1509 2028 monarchia
1577 1981 1734 2028 cum
1786 1957 2036 2048 populi
2102 1957 2417 2026 libertate
2504 1954 2905 2047 conjuncta,
2994 1956 3138 2025 certis

689 2080 962 2174 legibus
1047 2077 1572 2169 circumscripta,
1642 2099 1683 2145 c
1732 2075 1922 2144 senili
1992 2074 2462 2144 Romanorum
2532 2085 2601 2143 et
2650 2075 3139 2166 Byzantinorum

689 2197 965 2291 ingenio
1017 2198 1196 2266 nasci
1249 2205 1545 2290 poterat.
1616 2194 1927 2263 Arbitrio
2000 2193 2429 2285 imperatoris
2482 2191 2767 2286 ejusque
2817 2196 3136 2275 voluntate,

689 2317 878 2385 nulla
933 2316 1093 2408 lege
1143 2313 1649 2405 circumscripta
1668 2363 1686 2399 ‚
1759 2333 2019 2381 summa
2084 2313 2287 2383 totius
2344 2311 2523 2401 juris
2576 2313 2835 2406 publici
2892 2313 3139 2380 contine-

690 2435 914 2503 batur.
1021 2430 1208 2519 Quid
1260 2433 1372 2500 lex
1422 2431 1828 2500 successoria
1876 2430 1947 2497 in
2000 2430 2121 2496 tali
2168 2431 2457 2520 imperio
2508 2431 2782 2498 efficere
2832 2433 3136 2521 potuisset,

692 2573 834 2644 quo
881 2549 1279 2643 imperatori
1330 2550 1601 2643 legibus
1652 2549 1915 2635 soluto,
1969 2569 2201 2617 omnes
2254 2559 2747 2620 antecessorum
2797 2550 2989 2645 leges
3022 2571 3143 2641 per·

691 2672 994 2763 fringere
1033 2692 1114 2737 ac
1164 2679 1386 2739 totum
1435 2669 1857 2763 reipublicae
1906 2676 2155 2737 statum
2207 2667 2295 2735 ad
2346 2692 2547 2739 suum
2596 2670 2868 2740 libitum
2930 2680 3143 2742 mutare

691 2788 944 2857 licebat
981 2776 1050 2827 ⁸²
1071 2784 1109 2857 ἓ
1209 2788 1356 2857 Ubi
1422 2797 1571 2857 erat
1636 2789 1707 2855 in
1758 2786 1877 2857 tali
1947 2784 2217 2857 civitate
2292 2790 2597 2881 populus
2618 2839 2639 2876 ‚
2710 2789 2979 2879 patriae
3025 2810 3142 2857 con-

689 2904 1015 2978 stitutioni
1069 2929 1148 2973 ac
1197 2906 1431 2999 regiae
1480 2906 1775 2975 familiae
1828 2904 2141 2974 'fideliter
2218 2904 2522 2977 addictus
2544 2958 2564 2995 ,
2634 2908 2756 2976 nbi
2808 2918 3031 2978 custos
3072 2908 3144 2972 le-

693 3048 863 3120 gum
915 3006 1219 3093 constans
1270 3024 1396 3092 sibi
1451 3048 1530 3092 ac
1583 3024 1817 3091 finnus
1838 3074 1858 3109 ,
1936 3024 2055 3113 qui
2120 3026 2318 3116 regni
2386 3026 2931 3095 constitutionem
2982 3038 3141 3115 atque

681 3145 846 3237 jura
895 3154 1304 3237 agnatorum
1357 3142 1723 3212 defendere
1775 3142 2111 3234 potuisset
2162 3153 2398 3215 contra
2448 3143 2777 3237 principis
2832 3146 3034 3235 ipsius
3064 3166 3143 3211 ar-

689 3264 1040 3335 bitrariam
1085 3262 1512 3333 voluntatem
1563 3271 1773 3353 atque
1824 3260 2223 3331 effrenatam
2259 3261 2611 3332 libidinem
2645 3262 2946 3335 cohortis
2986 3282 3144 3355 prae·

692 3382 998 3452 torinnae
1018 3370 1090 3420 ⁸³
1122 3379 1159 3450 ἓ
2338 3458 2343 3461 ,

901 3500 1398 3570 Germanicae
1447 3500 1661 3593 igitur
1712 3499 2145 3569 monarchiae
2192 3502 2487 3594 genuina
2553 3502 2787 3571 indole
2850 3502 3145 3582 inductus,

693 3617 1096 3687 Gensericus
1145 3617 1476 3687 barbarus
1529 3641 1650 3685 rex
1684 3642 1871 3687 suam
1898 3620 2439 3693 constitutionem
2464 3622 2958 3715 promulgavit,
3012 3639 3147 3711 quae

691 3734 1211 3829 profundiorem
1261 3736 1406 3803 veri
1448 3734 1624 3828 juris
1675 3735 1938 3828 publici
1990 3738 2403 3807 monarchici
2452 3740 2871 3810 intellectum
2924 3738 3146 3833 prodit,

686 3878 900 3947 qnam
947 3854 1303 3923 «Iustiniani
1355 3854 1793 3947 omniumque
1840 3856 2330 3947 imperatorum
2383 3860 2743 3952 legislatio.

893 3976 1326 4062 Quamquam
1377 3997 1454 4041 re
1505 3997 1665 4043 vera
1714 3966 1869 4042 hac
1898 3976 2371 4047 constitutione
2420 3978 2509 4045 (le
2560 3980 2831 4070 populo
2854 4000 2981 4047 suo
3015 3978 3151 4043 bene

687 4094 936 4163 meruit
987 4091 1409 4180 Gensericu8‚
1459 4094 1580 4185 qui
1633 4094 1887 4186 primus
1936 4095 2111 4166 inter
2161 4118 2392 4165 omnes
2445 4096 2945 4167 Germanorum
2992 4114 3155 4187 reges

687 4210 1101 4280 individuam
1149 4212 1348 4304 regni
1393 4221 1708 4281 naturam
1756 4214 1919 4305 lege
1966 4214 2205 4303 sanxit,
2259 4225 2486 4283 tamen
2522 4217 2711 4285 ordo
2750 4209 3157 4285 succedendi

689 4352 782 4398 ex
833 4330 1126 4401 ratione
1176 4326 1594 4401 senioratus
1616 4381 1637 4419 ,
1730 4354 1935 4424 quem
1986 4334 2385 4427 praecepit,
2462 4356 2715 4429 magno
2768 4334 2930 4403 vitio
2987 4332 3156 4400 labo·

3072 1113 3119 1161 81

3118 1173 3131 1208 t
