3229 5225
85 539 98 696 v-*vv
85 133 112 480 “<-7Ἶ,ἰ”-
86 0 108 32 '-

1933 255 2018 328 24

717 451 970 518 παίδων
1041 437 1525 538 πρεσβύτα
1553 465 1747 522 τος,
1824 435 2168 524 διεδέξατο
2234 435 2350 528 τὴν
2410 431 2633 530 ἂρχῆύ
2664 429 2752 503 ⁷⁷.
2832 435 3117 506 Huneri‘cus

713 567 934 634 filium
987 560 1231 630 habuit
1281 559 1709 626 Hildericum
1762 577 1849 625 ex
1898 555 2209 624 Eudocia
2260 575 2514 640 uxore,
2568 555 2709 622 filia
2764 555 3117 623 Valentiniani

715 681 1172 773 imperatoris.
1239 678 1443 746 Proc.
1497 676 1585 744 de
1636 677 1805 744 bell.
1858 672 2081 744 Vand.
2132 673 2188 759 1,
2218 671 2290 740 5.
2370 671 2549 741 Cum
2616 684 2840 742 autem
2890 697 2967 740 ex
3008 676 3119 742 Geu-

713 800 908 870 serici
958 801 1118 892 lege
1167 819 1305 866 non
1371 791 1757 865 Hildericus
1828 793 2011 862 filius
2033 843 2053 878 ‚
2128 791 2249 860 sed
2298 792 2353 862 is
2402 792 2578 860 inter
2627 812 2859 862 omnes
2904 805 3118 884 agnatos,

718 920 836 1009 qui
891 927 1112 986 aetate
1162 915 1490 985 maximus
1559 925 1729 982 esset
1752 965 1770 998 ‚
1840 911 1927 981 ad
1997 931 2289 1004 regnum
2356 922 2761 982 vocaretur:
2811 912 3119 992 Hunericus‚

717 1049 796 1106 ut
847 1059 1140 1128 regnum
1191 1035 1280 1102 ad
1331 1033 1549 1100 filium
1626 1053 1822 1100 suum
1890 1029 2255 1098 transferre
2330 1040 2600 1120 posset,
2678 1029 3122 1097 constitutionem

673 1154 1065 1224 'Genserici
1120 1152 1552 1244 perfringere
1603 1150 1885 1218 tentavit
1905 1199 1925 1232 ‚
2006 1171 2211 1238 quam
2268 1158 2491 1216 tamen
2544 1150 2775 1240 legem
2824 1147 3122 1216 fundamen-

715 1272 923 1342 talem
975 1293 1234 1340 summa
1287 1270 1546 1361 pietate
1597 1290 1829 1338 omnes
1881 1266 2173 1336 Vandali
2228 1267 2578 1334 observari
2629 1268 2998 1336 voluerunt.

928 1391 1162 1458 Victor
1214 1389 1498 1458 vitensis
1553 1387 1955 1480 episcopus»,
2028 1386 2148 1477 qui
2218 1386 2571 1454 Hunerico
2642 1409 2815 1478 rege
2880 1384 3050 1466 vixit,
3094 1385 3123 1447 in

717 1525 934 1599 opere
983 1507 1072 1577 de
1124 1507 1592 1600 persecutione
1646 1505 2112 1576 vandalorum
2152 1507 2249 1591 Π,
2281 1505 2325 1574 5
2363 1505 2689 1572 Hunerici
2730 1514 3019 1572 conatum
3040 1525 3123 1566 con-

717 1637 824 1694 tra
876 1627 1224 1696 Genserici
1273 1629 1504 1720 legem
1552 1626 1649 1694 ita
1702 1625 2063 1695 describit:

925 1746 1135 1836 „lpse
1187 1756 1416 1814 autem
1467 1743 1921 1836 (Hunericus)
2002 1743 2385 1812 desiderans
2455 1753 2616 1834 post
2692 1743 2948 1812 obitum
3010 1761 3123 1806 suum

719 1863 896 1950 filiis,
951 1865 1138 1953 quod
1192 1887 1326 1932 non
1379 1863 1689 1956 contigit,
1742 1885 2033 1954 regnum
2100 1871 2439 1932 statuere:
2511 1861 3005 1930 Theodericum
3043 1858 3121 1923 sra-

722 1993 896 2050 trem
945 1983 1262 2072 filiosque
1313 1981 1460 2073 ejus
1511 1982 1981 2074 Gentonisque
2032 1981 2256 2050 fratris
2334 1981 2771 2050 nihilominus
2838 1979 2995 2047 filios
3036 1999 3122 2042 cru-

720 2101 964 2170 deliter
1017 2102 1248 2193 coepit
1297 2102 1582 2190 insequi.
1638 2104 1951 2188 Quorum
2006 2101 2267 2168 nullum
2306 2100 2699 2186 dimitteret,
2756 2101 2878 2168 nisi
2926 2099 2977 2166 ei
3020 2115 3124 2162 mors

721 2219 1036 2287 desiderii
1075 2221 1176 2288 sui
1227 2221 1649 2289 voluntatem
1702 2221 2021 2288 auferret.
2092 2218 2327 2287 Primo
2380 2219 2590 2286 sciens
2642 2241 2923 2286 uxorem
2967 2214 3126 2282 Theo-

723 2337 932 2404 derici
981 2337 1208 2406 fratris
1259 2348 1545 2407 astutam
1565 2388 1585 2424 ‚
1662 2338 1867 2407 credo
1888 2389 1907 2424 ‚
1971 2354 2061 2404 ne
2114 2338 2293 2408 forte
2352 2337 2671 2406 maritum
2721 2351 2843 2408 aut
2890 2333 3125 2425 majorem

722 2455 938 2521 {ilium
961 2503 982 2539 ‚
1061 2456 1220 2544 quia
1270 2457 1570 2546 prudens
1624 2468 1693 2524 et
1744 2457 2009 2548 sapiens
2060 2455 2419 2524 videbatur
2440 2507 2459 2541 ,
2514 2456 2805 2524 consiliis
2856 2453 3127 2523 acrioribus

720 2574 1037 2643 adversus
1088 2584 1448 2665 tyrannum
1504 2586 1821 2661 armaret,
1876 2575 2153 2643 crimine
2205 2575 2567 2666 imposito,
2619 2574 2859 2667 gladio
2912 2595 3037 2641 eam
3073 2571 3127 2635 in·

721 2693 938 2761 tel-'fici
977 2692 1207 2783 jubet.
1303 2694 1678 2783 Postquam
1732 2694 2062 2763 occiditur
2112 2706 2181 2763 et
2232 2696 2349 2761 ille
2400 2696 2578 2762 filius
2647 2718 2929 2787 magnus
2974 2688 3127 2760 litteris

719 2812 1092 2895 institutuS,
1164 2812 1283 2883 cni
1330 2816 1723 2884 secundum
1792 2813 2373 2882 constitutionem
2450 2814 2832 2883 Genserici
2882 2836 2959 2882 eo
3006 2805 3129 2903 quod

719 2927 966 3023 major
1039 2930 1370 3000 omnibu-s
1441 2942 1667 3020 esset,
1744 2952 2060 3026 regnum
2132 2932 2323 3001 inter
2390 2941 2697 3025 nepotes
2754 2931 3129 3026 potissimum

719 3048 1129 3118 debebatur
1131 3086 1633 3117 *****
1685 3053 1885 3121 Tunc
1936 3062 2005 3119 et
2040 3052 2367 3119 Gentonis
2402 3047 2761 3140 majorem
2804 3051 3025 3133 filium,
3066 3064 3131 3110 11⁰·

721 3169 1266 3263 mine-Godagis,
1305 3194 1459 3239 cum
1495 3192 1707 3239 uxor-e
1746 3170 2006 3258 absque
2057 3171 2298 3238 solatio
2350 3170 2525 3237 servi
2576 3181 2694 3238 aut
2746 3171 3013 3238 ancillae
3042 3184 3131 3231 cru·

722 3289 861 3355 (leli
911 3288 1142 3357 exsilio
1192 3290 1560 3382 delegavit.
1667 3290 1983 3357 Fratrem
2034 3312 2197 3357 vero
2250 3288 2779 3375 Theodericum,
2836 3299 2985 3380 post
3026 3278 3132 3350 occi·

720 3408 978 3475 sionem
1030 3409 1256 3476 uxoris
1309 3421 1380 3477 et
1427 3408 1591 3492 filii,
1672 3409 1927 3477 nudum
1982 3418 2191 3497 atque
2244 3406 2633 3476 destitutum
2690 3408 2985 3475 similiter
3027 3400 3133 3467 rele

721 3528 932 3615 gavit.
1035 3527 1203 3593 Post
1253 3526 1445 3615 cujus
1497 3538 1789 3595 mortem
1815 3528 2055 3595 ffilium
2078 3576 2098 3612 ‚
2178 3528 2296 3616 qui
2350 3539 2744 3617 supererat,
2822 3521 3134 3594 infantulum

721 3643 1026 3731 duasque
1076 3643 1245 3710 filias
1298 3643 1444 3731 eJ'us
1497 3644 1783 3730 adultas,
1838 3645 2185 3735 impositas
2238 3645 2467 3729 asinis,
2524 3645 2795 3737 longius
2848 3633 3137 3733 affligendo

723 3759 1095 3852 projecit.“

931 3880 1035 3946 Ita
1087 3880 1467 3949 Hunericus
1521 3906 1600 3950 ea
1651 3882 2019 3951 intentione
2072 3894 2307 3953 contra
2347 3884 2818 3976 propinquos
2862 3874 3141 3952 saeviebat,

725 4011 801 4068 ut
851 4000 996 4067 filio
1049 4024 1172 4069 suo
1223 4001 1400 4068 viam
1453 4001 1540 4068 ad
1593 4024 1883 4093 regnum
1935 4003 2374 4093 patefaceret.
2464 4002 2606 4069 Sed
2658 4003 2860 4075 etiam
2912 3984 3141 4069 timebat

725 4142 810 4186 ne
851 4120 1120 4212 populi
1172 4120 1284 4189 sui
1339 4120 1723 4213 primores
1789 4123 2018 4215 legem
2086 4121 2662 4190 fundamentalem
2728 4116 3052 4189 defensuri
3090 4112 3141 4195 Ui

721 4252 887 4306 sent.
941 4238 1306 4331 Praecepit
1355 4242 1588 4333 igitur,
1632 4251 1722 4309 ut
1750 4242 2265 4311 combureretur
2304 4262 2599 4308 summus
2637 4239 2989 4332 episcopus
3008 4216 3141 4301 Aria*

717 4380 842 4425 nae
896 4358 1305 4427 vandalicae
1362 4359 1683 4429 ecclesiae
1704 4412 1722 4447 ,
1775 4358 2124 4453 Jocundus
2177 4358 2597 4447 patriarcha,
2677 4360 2836 4449 qnia
2888 4378 2999 4425 rex
3044 4343 3141 4438 opit
