3229 5225
112 787 115 840 ,-
112 647 116 720 -..-.
112 527 118 610 ,.-
111 223 126 472 -w--v-vv-
112 73 130 185 s..*·-
112 25 116 34 -

1956 249 2039 316 22

729 437 866 496 tem
917 428 1228 519 gentium
1279 426 1653 496 alienarum
1704 434 1775 496 et
1823 425 2220 494 inferiorum
2272 424 2663 511 imitatione,
2714 424 2875 492 hanc
2914 425 2971 492 fo

901 964 1010 1024 ΒΕ
1053 962 1751 1024 POSTGEMTORUM
1796 961 2071 1023 STATU
2123 961 2563 1022 SECUNDUM
2624 959 3010 1022 GENSERICI

1610 1079 2347 1141 CONSTITUTIONEM.

935 1251 1446 1322 Constitutionis
1497 1251 1732 1340 verba,
1786 1261 2115 1342 quatenus
2165 1252 2363 1322 nobis
2412 1274 2453 1318 a
2492 1251 2923 1343 scriptoribus
2961 1251 3069 1318 tra·

729 1381 884 1442 sunt
903 1421 922 1457 ‚
995 1371 1084 1438 de
1133 1370 1288 1440 filiis
1356 1371 1763 1464 postgenitis
1832 1393 2209 1462 eorumque
2274 1370 2830 1440 descendentibus
2896 1369 3025 1436 nihil
3089 1361 3091 1368 ’

729 1501 908 1560 serte
959 1489 1452 1581 praescribunt.
1539 1491 1680 1561 Ubi
1732 1499 1981 1576 autem,
2036 1490 2447 1560 successione
2500 1512 2709 1578 quam
2758 1499 2973 1557 vocant
3010 1487 3053 1554 iu

730 1609 1019 1678 viduali
1067 1606 1478 1692 introducta,
1531 1631 1704 1678 unus
1756 1631 1841 1678 ex
1890 1610 2047 1678 filiis
2100 1618 2360 1678 tantum
2413 1609 2502 1677 ad
2555 1631 2843 1701 regnum
2890 1603 3081 1698 perve'

730 1749 996 1794 necesse
1047 1736 1184 1811 est,
1253 1735 1336 1794 ut
1378 1727 1903 1820 prospiciatur
1952 1727 2359 1797 minoribus
2379 1781 2397 1810 ‚
2470 1728 2590 1817 qui
2640 1751 2681 1795 a
2733 1727 2917 1818 regni
2958 1749 3013 1793 su
3098 1801 3100 1810 Ι

729 1846 918 1914 sione
967 1854 1122 1913 sunt
1173 1845 1424 1914 exclusi
1444 1837 1535 1913 ⁷⁵.
1607 1845 1725 1914 Sic
1776 1847 1979 1916 etiam
2034 1846 2436 1916 Gensericus
2487 1847 2667 1914 bene
2718 1845 3029 1938 prospexit
3047 1826 3103 1932 jd

730 1962 1062 2032 nioribus
1111 1963 1290 2050 filiis,
1343 1987 1480 2034 non
1533 1965 1813 2055 quidem
1862 1968 2229 2058 apanagio‚
2284 1965 2476 2056 qnod
2530 1965 2599 2032 in
2650 1964 2935 2056 pecunia
2972 1954 3104 2036 11qu

733 2094 882 2151 rata
932 2082 1146 2151 hodie
1195 2084 1559 2154 consistere
1626 2085 1836 2172 solet,
1904 2085 2027 2156 sed
2094 2084 2425 2154 ditissimis
2496 2083 2897 2168 latifundiis,
2966 2079 3107 2170 quibs

737 2223 984 2271 omnes
1035 2201 1211 2270 filios
1265 2213 1434 2272 teste
1485 2203 1837 2295 Procopio
1862 2255 1881 2286 ,
1952 2203 2043 2272 de
2091 2204 2258 2272 bell.
2316 2202 2539 2271 Vand.
2592 2203 2647 2288 Ι,
2706 2202 2778 2290 5,
2832 2223 3017 2290 aeque
3048 2195 3108 2264 (104

739 2322 960 2390 navit:
2779 2329 2786 2336 “
3109 2343 3110 2348 ’

939 2441 1126 2523 ,,τῶν
1175 2436 1244 2504 δὲ
1279 2432 1550 2520 Λιβύων
1595 2437 1661 2506 εἴ
1694 2467 1758 2507 τι
1801 2441 1917 2534 μὲν
1964 2439 2237 2536 δόκιμον
2281 2437 2655 2529 ἐτύγχανεν
2696 2437 2774 2508 ὃν
2804 2439 2907 2508 καὶ
2946 2431 3113 2514 πλούτῳ

742 2554 1092 2652 ἀκμάζον,
1159 2549 1402 2631 αὐτοῖς
1457 2559 1697 2651 ἀγροῖς
1746 2585 1819 2625 τε
1876 2557 1987 2627 καὶ
2052 2566 2215 2629 πᾶσι
2275 2562 2619 2653 ’χρήμασιν
2677 2558 2739 2626 ἐν
2804 2551 3114 2651 ἂνδραπόδωτ.

733 2678 938 2771 μοίρᾳ
974 2675 1316 2766 παρέᾶωκε
1351 2680 1500 2750 τοῖς
1535 2675 1761 2743 παισὶν
1799 2675 2157 2769 Ὀνωρίχςυ
2203 2705 2277 2746 τε
2330 2677 2441 2745 καὶ
2495 2681 2870 2769 Γένζιυυι.“

934 2790 1144 2859 Dedit
1191 2792 1410 2883 igitur
1460 2815 1581 2861 rex
1634 2815 1884 2884 magna
1954 2794 2315 2863 latifundia
2386 2795 2907 2885 provincialium
2951 2790 3115 2876 utriqu

730 2909 876 2977 filio
926 2908 1280 2979 Hunerico
1329 2910 1528 3001 regni
1579 2912 1944 2979 successori
1998 2923 2211 3002 atque
2270 2913 2581 2983 Gcnzoni
2633 2914 3027 3006 postgenito,
3067 2927 3114 2992 qu

733 3026 1208 3096 constitutione
1265 3028 1477 3116 patris
1531 3051 1572 3095 a
1621 3050 1842 3120 regno
1894 3034 2197 3101 exclusus
2249 3044 2419 3101 erat.
2472 3034 2667 3101 Haec
2716 3030 3047 3103 latifundia
3074 3046 3114 3091 re

733 3148 838 3239 gis
888 3147 1044 3215 filiis
1094 3145 1190 3215 ita
1241 3144 1617 3229 dabantur,'
1672 3158 1749 3215 ut
1800 3148 1890 3215 ad
1941 3172 2177 3219 eorum
2248 3150 2557 3221 heredes
2608 3154 2979 3221 transirent.
3054 3144 3114 3211 Εθ

737 3268 890 3333 dem
947 3267 1123 3334 enim
1181 3264 1344 3356 jure
1411 3266 1844 3357 gaudebant,
1938 3292 2078 3357 quo
2148 3292 2379 3338 omnes
2447 3270 2737 3338 Vandali
2806 3272 2874 3337 in
2936 3266 3115 3337 sortibu

665 3418 670 3422 ·
734 3387 868 3452 suis
917 3385 1283 3454 utebantur
1306 3434 1326 3469 ‚
1397 3408 1576 3473 quae
1624 3385 2041 3457 hereditario
2082 3386 2280 3478 jure,
2351 3388 2701 3472 „funiculo
2751 3372 3115 3457 ‘hereditatis‘

735 3524 1088 3569 concessae
1139 3514 1351 3570 erant.
1409 3502 1614 3571 Proc.
1656 3506 1709 3589 1,
1764 3530 1918 3597 cap.
1962 3508 2035 3575 5.
2090 3508 2327 3575 Victor
2352 3508 2639 3577 vitensis
2681 3509 2733 3594 1,
2779 3532 2933 3600 cap.
2962 3507 3027 3573 4.
3082 3498 3115 3565 S?

734 3641 870 3688 non
921 3619 1138 3685 solum
1189 3619 1342 3685 filiis
1391 3620 1553 3708 ipsis
1599 3620 1987 3710 junioribus
2012 3675 2033 3710 ,
2100 3624 2219 3693 sed
2272 3624 2471 3693 etiam
2526 3650 2765 3697 eorum
2816 3621 3115 3697 descendo

733 3738 912 3804 tibus
963 3735 1138 3801 bene
1189 3747 1631 3826 prospectum
1701 3752 1865 3811 erat.
1956 3742 2166 3826 Quod
2219 3744 2417 3814 etiam
2472 3768 2555 3813 ex
2604 3745 2931 3837 Procopii
2981 3736 3115 3810 verbi

733 3864 1140 3948 argumento
1191 3877 1230 3920 e
1283 3856 1647 3942 contrario,
1703 3860 2012 3929 concludi
2063 3871 2317 3953 potest,
2370 3864 2489 3952 qui
2542 3864 2741 3933 dicit:
2814 3866 3001 3934 duos
3043 3858 3115 3925 fili*

733 3985 996 4044 tantum
1049 3972 1388 4063 accepisse
1437 3976 1816 4057 latifundia,
1872 3980 2031 4069 quia
2085 3980 2494 4051 Theodorus
2548 3984 2805 4071 tertius,
2855 3976 3115 4053 nullish

731 4094 1006 4162 redibus
1057 4092 1328 4179 relictis,
1382 4117 1606 4184 neque
1658 4099 1985 4179 masculis,
2039 4122 2263 4189 neque
2314 4100 2664 4186 femininiS,
2719 4115 3021 4172 mortuus
3052 4094 3115 4166 fui

727 4224 868 4282 set:
929 4210 1334 4305 ,,Θεόδωρος
1395 4215 1528 4309 γὰρ
1577 4218 1609 4285 ὁ
1654 4218 2005 4293 νεώτατος.
2046 4216 2365 4288 ἐτελεύτα
2416 4218 2578 4313 ἤδη,
2640 4220 2847 4299 ἅπαις
2901 4222 2979 4291 τὸ
3014 4244 3115 4307 παρ

725 4358 853 4397 ’.ταν
903 4328 1177 4423 ὅῖῥρενός
1235 4360 1309 4400 τε
1364 4333 1475 4401 καὶ
1539 4336 1795 4429 θήλεος
1848 4334 2139 4425 γόνου.“
2210 4335 2285 4405 Si
2338 4360 2504 4406 vero
2556 4339 2677 4408 illo
2735 4348 3040 4431 tempore
3082 4334 3115 4399 h
