3229 5225
2406 92 2447 136 C

1209 170 1509 270 ,ἑὲ-

125 349 319 408 dubae
365 346 674 423 imperium
719 346 988 421 suscepit
1031 344 1521 419 Abderanianus,
1585 345 1883 405 Abdallae
1944 366 2012 405 ex
2073 349 2425 408 Mationiede
2494 348 2617 407 tilio

125 453 306 510 nepos
327 475 346 506 ‚
391 450 546 491 novo
591 430 902 506 exemplo,
968 433 1037 490 ut
1079 431 1140 488 in
1184 431 1535 489 Maurorum
1583 433 1830 508 imperio
1876 436 2123 508 nepotes
2174 435 2621 510 praeferrentur

125 521 258 578 tiliis
303 519 374 594 (i.
398 537 454 580 e.
509 518 742 594 patruis
803 516 1026 592 suis).“
1111 516 1474 575 [federicus
1521 517 1883 576 Toledanns
1945 519 2083 577 hist.
2148 520 2414 578 Arabum
2458 538 2509 576 c.
2558 525 2617 577 6.

127 607 431 665 Thuanus
471 603 678 660 histor.
703 602 772 660 L.
793 607 894 661 65.
931 601 1006 660 de
1035 600 1326 660 Hametez
1371 602 1633 678 „quippe
1658 606 1847 678 patris
1872 605 2225 662 testamento
2271 605 2348 663 ad
2370 623 2620 680 regnum

123 691 330 749 ordine
367 695 514 763 post
574 686 792 744 fratres
851 687 1136 759 vocatus,
1195 685 1448 746 exclusis
1493 688 1735 746 illorum
1778 688 1983 746 tiliis.“
2048 691 2623 766 Hammer-Pury-

121 776 309 848 stall,
353 772 778 832 celeberrimus
823 774 1020 844 autor,
1063 772 1126 829 in
1169 775 1667 831 commentatione
1727 789 1735 794 ’·
1734 773 1879 848 „die
1920 773 2351 852 rechtmiissige
2385 775 2623 834 Thron-

121 860 281 938 t'olge
325 858 482 917 nach
547 856 1018 914 moslimischem
1060 858 1484 914 statam-“eom
1548 877 1608 933 p.
1657 865 1779 918 601
1828 859 2005 917 dicit:
2094 860 2251 931 „Die
2296 863 2493 918 ersten
2542 864 2621 918 14

123 945 374 1004 Sultane
439 942 665 1020 folgten
729 942 858 1000 sich
921 941 1031 1000 der
1093 942 1262 1000 Sohn
1319 942 1458 1000 dem
1503 944 1718 1016 Vater3
1782 944 1871 1002 als
1916 943 2061 1002 aber
2104 945 2259 1002 beim
2306 945 2475 1003 Tode
2516 945 2623 1002 des

123 1029 504 1088 vierzehnten
547 1027 646 1085 die
690 1027 894 1086 So‘hne
938 1025 1056 1084 alle
1100 1027 1531 1105 minderjlibrig
1574 1047 1815 1101 w,aren
1858 1029 2099 1087 uandte
2143 1029 2251 1088 der
2294 1031 2491 1088 Dixan
2528 1029 2625 1086 die

127 1113 496 1192 Thront'olge
542 1113 677 1171 dem
723 1111 972 1170 Oheime
1013 1111 1123 1169 der
1165 1111 1453 1184 Prinzen,
1498 1114 1763 1172 Mustat'a
1791 1115 1838 1177 Ι.
1884 1131 1993 1172 zu:
2073 1117 2206 1174 Von
2250 1117 2460 1174 dieser
2486 1116 2626 1174 Zeit

126 1218 214 1258 cm
261 1200 421 1257 blieb
465 1198 586 1256 das
630 1197 936 1257 Seniorat
974 1198 1098 1255 das
1153 1199 1459 1278 reyelmle
1500 1199 1776 1274 Princip
1842 1200 1957 1257 der
2006 1199 2410 1276 Tltronsolye.
2504 1201 2628 1258 Der

129 1286 268 1344 dem
314 1285 626 1342 Seniorate
669 1301 780 1340 vor
823 1282 931 1339 der
973 1283 1440 1340 unmittelbaren
1485 1283 2045 1360 Geschlechtst'olge
2090 1304 2223 1342 rom
2269 1287 2452 1342 Vater
2495 1303 2625 1342 zum

125 1369 334 1429 Sohne
399 1369 808 1446 eingera‘iumte
869 1367 1108 1444 Vorzug
1176 1370 1415 1426 stamnit
1475 1387 1589 1428 aus
1657 1370 2103 1446 mongolischen
2151 1371 2453 1448 Begriffen
2498 1371 2624 1427 her.

122 1487 214 1500 —
255 1487 342 1499 -
385 1487 464 1499 -
512 1453 611 1511 die
652 1451 1062 1530 mongolische
1105 1452 1549 1532 Hochachtuug
1606 1453 1703 1514 fiir
1748 1455 1857 1512 das
1902 1455 2181 1513 Seniorat
2223 1457 2369 1533 ging
2410 1457 2514 1512 mit
2558 1472 2626 1512 so

124 1539 324 1598 vielen
369 1538 595 1597 andern
640 1538 898 1595 Formen
939 1537 1380 1615 mongolischer
1423 1541 2085 1618 Staatseinrichtungen
2131 1540 2187 1597 in
2226 1541 2323 1598 die
2366 1540 2473 1598 der
2513 1541 2627 1597 Os-

123 1644 348 1683 manen
405 1624 625 1682 iiber.“
751 1623 846 1681 De
901 1623 1209 1682 senioratu
1268 1625 1331 1682 in
1393 1623 1570 1682 domo
1636 1626 2057 1703 Tchingiscani
2118 1624 2236 1682 vid.
2301 1626 2629 1684 Hammer-

123 1710 473 1787 Purystall
517 1707 726 1767 eodem
769 1708 924 1766 loco.
973 1738 1054 1752 —
1112 1709 1295 1767 Teste
1358 1711 1762 1783 Ρνεεοοίἰίο,
1822 1709 2209 1768 celeberrimo
2269 1709 2629 1768 Americano

123 1797 448 1872 scriptore,
493 1795 556 1851 in
601 1795 849 1869 imperio
895 1793 1252 1852 Aztecorum
1295 1794 1514 1854 fratres
1575 1796 1957 1872 imperatoris
2020 1795 2283 1854 defuncti
2328 1795 2630 1871 praesere-

125 1883 354 1940 bantur
397 1879 527 1955 ejus
575 1879 732 1952 fiffls,
820 1879 1073 1952 History
1135 1878 1205 1936 of
1255 1881 1357 1937 the
1401 1885 1698 1954 conquest
1741 1881 1812 1938 ot'
1846 1882 2098 1953 Mexico,
2146 1880 2275 1937 Vol.
2322 1881 2372 1954 1,
2422 1900 2477 1956 p.
2532 1887 2631 1950 16,

125 1985 250 2024 non
297 1969 496 2022 autem
559 1965 621 2021 in
682 1982 870 2041 regno
929 1961 1093 2022 Peru
1157 1963 1255 2040 (ut
1322 1967 1560 2024 Acesta
1620 1969 1813 2024 natur.
1864 1969 1923 2024 et
1966 1965 2177 2024 moral.
2222 1965 2362 2027 hist.
2410 1966 2477 2023 L.
2527 1965 2631 2034 Vl,

124 2071 182 2109 c.
238 2057 320 2110 12
364 2051 734 2126 obtinuerat)
797 2047 904 2107 sed
947 2047 1027 2104 ibi
1073 2051 1355 2108 continua
1399 2050 1474 2108 de
1543 2054 1721 2126 patre
1765 2050 1843 2110 ad
1886 2050 2075 2109 filium
2116 2050 2438 2110 successio.
2518 2051 2635 2107 Hi-

123 2141 303 2210 story
348 2134 415 2194 ot·
451 2135 552 2193 the
595 2137 887 2209 conquest
928 2133 998 2190 os
1030 2134 1193 2192 Peru
1235 2135 1287 2207 Ι,
1333 2153 1391 2212 p.
1443 2142 1542 2195 16.

308 2243 412 2297 75.
460 2237 951 2314 Postgenitorum
996 2234 1264 2294 conditio
1309 2238 1647 2296 accuratius
1692 2241 1782 2296 est
1805 2235 2099 2312 explicata
2145 2236 2205 2295 in
2247 2235 2401 2294 libro
2441 2235 2637 2293 Recht

124 2323 245 2381 der
289 2316 648 2401 Erstgeburt
693 2342 750 2397 p.
800 2327 924 2381 177
979 2339 1146 2395 seqq.
1211 2321 1266 2398 §.
1332 2328 1415 2381 29
1473 2323 1600 2399 (die
1664 2322 1943 2399 Stellung
2010 2321 2120 2379 der
2177 2320 2638 2398 nachgebornen

125 2409 393 2484 Herrn).
483 2407 836 2465 ostenditur
879 2407 995 2478 ibi,
1063 2407 1241 2464 etiam
1309 2408 1510 2484 agnita
1566 2410 1975 2482 principatus
2033 2405 2338 2464 individua
2402 2410 2638 2474 natura,

124 2500 340 2552 tamen
379 2494 865 2567 patrimoniales
911 2491 1125 2550 fundos
1173 2511 1364 2568 aeque
1421 2495 1576 2552 inter
1642 2493 1859 2552 tratres
1920 2494 2179 2570 partitos
2227 2495 2284 2549 et
2330 2493 2412 2548 ita
2460 2492 2637 2550 etiam

122 2578 468 2639 minoribus
513 2581 896 2655 prospectum
941 2595 1092 2637 esse.

314 2685 417 2741 76.
467 2680 672 2739 Victor
714 2680 974 2737 Vitensis
1023 2680 1098 2737 de
1143 2697 1377 2755 persec.
1422 2678 1674 2739 Vandal.
1724 2680 1773 2754 1,
1800 2700 1935 2757 cap.
1966 2686 2081 2740 14:
2129 2680 2428 2754 „advocat
2455 2697 2643 2752 quen-

127 2768 284 2826 dam
327 2765 588 2824 Felicem
626 2774 1108 2839 procuratorem
1142 2766 1363 2822 domus
1401 2764 1528 2842 filii
1568 2767 1805 2842 regis-,⁶³
1850 2767 2037 2842 „lpse
2082 2767 2236 2824 enim
2284 2765 2646 2823 Gensericus

129 2854 585 2930 praeceperat,
647 2854 715 2908 ut
759 2852 916 2907 intra
959 2850 1157 2908 aulam
1201 2866 1368 2907 suam
1410 2849 1814 2928 filiorumque
1856 2870 2113 2910 suorum
2161 2852 2393 2908 nonnisi
2436 2848 2645 2907 Ariani

125 2957 253 3015 per
299 2935 538 2994 diversa
582 2936 909 2993 ministeria
955 2938 1344 3012 ponerentur.
1393 2976 1409 2992 .
1458 2977 1474 2992 .
1523 2940 1589 2993 .“
1659 2955 1795 3014 cap.
1846 2942 1960 2997 163
2021 2936 2174 3010 „fuit
2218 2936 2315 2994 hic
2358 2952 2647 3012 procura-

127 3030 242 3082 tor
301 3021 512 3079 domus
555 3021 913 3079 Hunerici.“

319 3114 422 3166 77.
467 3106 643 3165 Proc.
716 3106 792 3163 de
851 3104 1010 3163 bello
1071 3104 1262 3163 Vand.
1307 3103 1360 3179 1,
1405 3124 1542 3181 cap.
1592 3110 1652 3164 8.
1728 3106 1933 3165 Victor
1995 3106 2249 3165 vitensis
2292 3105 2369 3164 de
2413 3122 2645 3180 pei-sec.

127 3190 342 3251 Vand.
385 3192 469 3264 11,
511 3208 645 3267 cap.
699 3198 769 3249 1:
815 3192 1114 3265 „illortuo
1159 3192 1357 3266 (qitzar
1406 3192 1757 3250 Genserz'co
1802 3193 2173 3251 Hauericus
2218 3190 2424 3265 major
2476 3189 2652 3265 filius

122 3279 328 3354 patri
367 3278 717 3337 succedit.“
804 3276 974 3335 Jorn.
1023 3276 1098 3334 de
1141 3276 1324 3334 rebus
1373 3274 1508 3335 Get.
1559 3294 1697 3352 cap.
1743 3282 1861 3335 33:
1907 3278 2215 3351 „Primum
2262 3276 2650 3344 Gensericus,

133 3364 257 3438 qui
305 3364 478 3437 pater
522 3365 582 3419 et
625 3360 934 3435 dominus,
980 3379 1242 3435 sequens
1287 3362 1627 3421 Hunericus
1678 3364 1835 3419 etc.“

325 3468 429 3522 78.
476 3462 662 3539 Apud
719 3464 997 3537 antiquos
1043 3462 1376 3521 Germanos
1421 3462 1763 3522 sacerdotes
1810 3481 1918 3539 pro
1962 3463 2315 3521 custodibus
2372 3462 2551 3519 divini
2599 3463 2657 3517 et

133 3548 398 3610 humani
435 3548 592 3625 juris
637 3548 1054 3621 habebantur,
1121 3548 1282 3605 unde
1349 3550 1528 3607 etiam
1596 3547 1829 3607 &warte
1889 3548 2367 3607 nominabantur.
2452 3546 2659 3605 Jacob

145 3633 426 3706 Grimm,
473 3633 766 3691 deutsche
807 3632 1178 3711 Mythologie
1223 3654 1284 3709 p.
1310 3640 1432 3693 59:
1500 3630 1706 3707 „ewa,
1748 3631 1821 3693 ea
1884 3634 2226 3693 bezeichnet
2288 3632 2453 3691 nicht
2497 3632 2661 3689 bloss

135 3722 271 3779 das
317 3718 650 3792 weltliche,
710 3718 971 3777 sondern
1030 3717 1188 3776 auch
1256 3718 1364 3776 das
1425 3718 1713 3797 giittliche
1757 3722 1992 3797 gesetz,
2058 3720 2155 3777 die
2214 3719 2421 3777 t'riiher
2465 3736 2661 3794 genau

137 3804 510 3864 verbunden
555 3804 680 3861 und
721 3804 918 3883 gleich
961 3804 1148 3881 heilig
1187 3823 1431 3877 waren,
1495 3826 1585 3863 ew
1591 3809 1721 3878 art,
1765 3804 1990 3865 eonart
2054 3804 2181 3863 also
2241 3805 2355 3863 den
2415 3803 2663 3880 psseger,

137 3892 341 3950 hiiter
385 3890 491 3948 des
537 3893 842 3966 gesetzes,
901 3889 1018 3947 den
1065 3880 1350 3973 νομικός.
1359 3894 1398 3923 “
1457 3890 1737 3948 Foitasse
1786 3892 1963 3948 etiam
2007 3890 2367 3948 christianus
2408 3890 2665 3945 Ariano-

131 3994 294 4035 rum
342 3974 566 4048 clerus,
613 3976 718 4048 qui
761 3974 930 4034 cultu
972 3992 1045 4031 ac
1086 3994 1199 4034 usu
1245 3974 1487 4051 linguae
1530 3975 1893 4034 vernaculae
1936 3973 2193 4032 indolem
2241 3974 2499 4033 habebat
2542 3976 2667 4029 tam

129 4061 538 4139 popularem,
587 4080 656 4117 ex
699 4063 874 4135 parte
918 4059 1127 4118 eodem
1171 4058 1368 4117 officio
1415 4060 1779 4137 fungebatur
1822 4061 1881 4117 in
1926 4060 2395 4117 institutionibus
2426 4076 2496 4115 ac
2543 4076 2668 4114 mo-

127 4146 327 4206 ribus
370 4146 578 4221 patriis
605 4145 1013 4206 defendendis.

337 4238 440 4291 79.
492 4229 778 4305 Gelimer,
823 4232 966 4306 quia
1009 4238 1232 4289 contra
1276 4228 1472 4309 legem
1517 4231 1875 4305 potestatem
1914 4248 2203 4288 summani
2248 4230 2671 4307 usurpaverat,

135 4319 345 4376 etiam
391 4316 464 4374 ab
509 4316 744 4375 Isidoro
789 4336 907 4375 non
951 4317 1148 4395 regis,
1217 4316 1324 4375 sed
1387 4317 1650 4392 tyranni
1704 4316 1943 4374 nomine
2001 4316 2349 4394 insignitur:
2442 4313 2674 4395 „Quem
