3229 5225
877 665 1621 796 Jrnoonnluu.

275 1240 664 1354 Vandali,
737 1247 882 1355 qui
943 1267 1303 1360 regnum
1367 1244 2025 1334 florentissimum
2086 1255 2174 1338 in
2234 1253 2535 1343 Africa

49 1409 562 1496 condiderunt
641 1420 896 1523 atque
951 1439 1108 1522 per
1167 1441 1412 1498 unum
1482 1419 1902 1502 saeculum
1979 1423 2533 1535 obtinuerunt,

43 1602 304 1687 neque
351 1581 568 1686 juris
627 1587 874 1690 patrii
939 1585 1498 1670 collectionem
1517 1645 1542 1696 ‚
1620 1610 1905 1698 neque
1958 1585 2375 1704 formulas,
2432 1593 2525 1676 ut
2602 1615 2607 1684 j

41 1753 368 1834 ceterae
433 1745 1030 1836 Germanorum
1090 1750 1428 1866 genteS,
1487 1756 2026 1865 reliquerunt.
2109 1728 2533 1844 Deficien-

39 1917 251 1999 tibus
313 1919 707 2023 ejusmodi
749 1924 1310 2031 monumentiS,
1368 1945 1532 2004 non
1575 1928 1853 2006 mirum
1903 1925 2251 2035 videtur,
2312 1909 2579 2034 quod‘

39 2107 318 2167 omnes
405 2088 714 2195 antiqui
797 2089 1062 2170 nostri
1135 2089 1352 2192 juris
1431 2092 2093 2203 investigatores
2174 2117 2535 2206 regnum

37 2258 282 2361 atque
351 2255 498 2360 jus
575 2256 1132 2338 Vandalorum
1219 2264 1362 2342 aut
1437 2259 1687 2366 plane
1782 2260 2315 2372 neglexerint
2394 2267 2536 2345 aut
2594 2227 2605 2235 ⁶

37 2424 298 2506 obiter
361 2429 666 2506 tantum
725 2427 1182 2538 tetigerint.

268 2630 499 2711 Inter
559 2629 942 2741 singulas
1001 2630 1255 2743 leges
1299 2632 1824 2743 Vandalicas,
1882 2656 1931 2713 a
1995 2634 2536 2739 scriptoribus

37 2796 423 2909 traditas,
503 2798 645 2879 illa
735 2800 1202 2881 constitutio
1287 2795 1732 2883 Genserici
1760 2794 1787 2832 ¹
1870 2801 2534 2931 praeclarissime

37 2969 364 3077 eminet,
429 2990 597 3073 qua
655 2989 1016 3078 magnus
1081 2967 1217 3050 ille
1276 2990 1459 3079 rex,
1509 2960 1837 3075 'primus
1878 2992 1977 3051 ac
2030 2969 2261 3050 solus
2320 2972 2536 3052 inter

37 3157 324 3219 omnes
389 3131 928 3219 Germanicos
1010 3156 1282 3248 reges
1365 3136 1579 3218 illius
1662 3139 2099 3245 temporiS,
2180 3135 2541 3219 ordinem

37 3304 543 3387 succedendi
604 3306 686 3385 in
744 3326 1022 3414 regno
1073 3326 1227 3385 suo
1273 3304 1690 3385 stabilivit.
1754 3301 1990 3401 Quae
2030 3305 2537 3413 gravissima

37 3473 324 3583 magni
397 3468 865 3552 Germanici
923 3475 1168 3582 regis
1229 3472 1696 3552 constitutio
1758 3471 1950 3551 mihi
2012 3473 2213 3551 satis
2277 3470 2533 3577 digna

37 3639 398 3747 videtur,
464 3644 555 3720 ut
619 3637 1031 3750 singulari
1097 3641 1768 3723 commentatione
1834 3640 1967 3720 hic
2032 3640 2372 3743 primum
2413 3639 2545 3719 in-

37 3809 550 3919 vestigetur.
678 3806 1216 3891 Praeclarum
1297 3809 1512 3891 enim
1571 3809 1880 3891 obtinet
1940 3806 2199 3888 locum
2267 3806 2351 3886 in
2412 3804 2543 3884 hi-

37 3980 300 4059 storia
352 3977 571 4082 juris
635 3970 1110 4058 Germanici
1191 3981 1445 4082 atque
1525 3979 1823 4081 optime
1862 4083 1864 4085 q
1905 3974 2254 4055 illustrat
2316 3972 2552 4077 prin-

37 4147 250 4249 :ipia
339 4144 958 4253 successionis,
1037 4165 1252 4251 quae
1337 4146 1422 4225 in
1503 4144 1859 4249 antiquis
1954 4135 2551 4222 Germanorum

36 4314 362 4423 regnis
429 4307 891 4395 valuerunt.
