3229 5225
1269 257 1309 320 5

1145 343 1208 354 —-..

246 433 724 506 Deficientibus
776 433 968 520 filiis,
1042 434 1257 503 frater
1323 434 1629 502 defuncti
1696 437 1877 528 regis
1950 437 2311 526 fratrisque
2360 438 2536 507 tilius

65 553 431 623 habebatur
480 554 826 644 legitimus
878 577 1240 623 successor.
1344 554 1811 624 Guntramnus
1866 579 1986 624 rex
2038 557 2266 624 fratris
2322 559 2538 627 filium

64 673 162 742 his
207 674 420 742 verbis
472 672 842 742 declaravit
892 674 1089 766 regni
1138 672 1509 744 heredem:
1599 673 1847 761 „Nihil
1900 674 2076 742 enim
2098 725 2117 760 ,
2186 675 2399 762 dixit,
2452 677 2539 744 de

66 793 264 882 stirpe
312 815 464 859 mea
514 793 868 878 remansit,
919 793 1046 861 nisi
1094 803 1170 862 tu
1223 801 1530 880 tantum,
1584 793 1705 883 qui
1756 794 1889 861 mei
1940 793 2165 863 fratris
2218 817 2287 864 es
2338 796 2538 865 filius.

65 912 173 979 Tu
223 913 390 978 enim
439 911 638 981 heres
687 912 761 978 in
815 920 997 978 omni
1049 934 1268 1003 regno
1318 935 1472 979 meo
1523 912 1883 981 succedef‘
1938 913 2238 1006 Gregor.
2274 915 2539 1002 V1,33.

63 1029 136 1096 Si
173 1032 430 1124 plures
481 1029 604 1099 filii
657 1030 938 1099 aderant
963 1020 1050 1114 ¹⁸,
1107 1042 1268 1098 natu
1297 1033 1653 1100 ·maximus
1702 1055 2131 1124 nequaquam
2172 1035 2351 1102 solus
2390 1057 2543 1102 suc-

62 1149 334 1218 cedebat
355 1201 376 1236 ,
460 1149 578 1218 sed
631 1171 919 1242 regnum
987 1149 1416 1219 dividebatur
1485 1151 1661 1220 inter
1714 1173 1941 1219 omnes
1992 1153 2191 1220 filios.
2299 1153 2545 1222 Omnes

60 1271 322 1338 masculi
345 1323 363 1353 ‚
442 1270 561 1360 qui
629 1293 714 1336 ex
780 1270 1348 1361 Merovingorum
1422 1269 1677 1338 fam-ilia
1750 1271 2085 1374 originem
2156 1272 2542 1354 trahebant,

44 1385 204 1478 jure
258 1388 657 1457 succedendi
711 1389 1136 1480 gaudebant.
1191 1389 1346 1456 Nec
1395 1413 1719 1478 umquam
1774 1413 1893 1456 rex
1944 1415 1983 1458 a
2018 1391 2297 1458 Francis
2348 1393 2543 1482 agni·

53 1516 158 1575 tus
209 1518 324 1595 est,
389 1509 508 1598 qui
559 1508 1128 1600 Merovingorum
1195 1507 1536 1600 sanguinis
1587 1531 1722 1575 non
1776 1507 2005 1576 fuisset
2030 1502 2113 1575 ¹9.
2219 1509 2544 1578 Rebelles

49 1625 177 1716 ipsi
228 1635 458 1694 contra
491 1625 871 1718 legitimam
903 1651 1150 1720 regum
1187 1636 1614 1720 potestatem,
1672 1639 1751 1695 ut
1782 1627 2223 1697 Mundericus
2258 1640 2325 1696 et
2349 1629 2548 1698 Gun-

47 1744 415 1830 dovalduS,
486 1756 642 1813 ante
694 1749 919 1814 omnia
973 1747 1513 1839 praetendebant
1563 1770 1635 1814 se
1688 1747 1771 1814 ex‘
1823 1748 2390 1840 Merovingorum
2442 1750 2548 1816 fa-

47 1863 233 1930 milia
283 1863 602 1932 oriundos
655 1887 794 1932 esse
821 1857 910 1932 ²⁰.

251 1982 594 2050 Enervata
643 1983 793 2074 ipsa
843 1983 1410 2074 Merovingorum
1486 1984 1689 2072 stirps
1761 2007 1889 2073 per
1940 1987 2225 2075 longum
2280 1994 2549 2076 tempus

39 2101 381 2170 retinebat
432 2103 724 2193 priscam
778 2103 1118 2193 majorum
1173 2100 1573 2193 dignitatem
1630 2110 1839 2189 atque
1891 2101 2353 2188 Grimoaldus,
2408 2128 2549 2171 ma-

20 2220 158 2312 jor
209 2220 446 2288 domus
517 2222 1060 2311 potentiSsimuS,
1135 2221 1254 2309 qui
1324 2221 1745 2288 Francorum
1815 2242 2105 2311 regnum
2176 2221 2263 2288 ad
2334 2223 2552 2290 filium

33 2361 242 2408 suum
295 2338 662 2409 transferre
713 2341 989 2422 studuit,
1041 2339 1220 2406 hanc
1275 2340 1725 2407 temeritatem
1780 2340 2005 2429 capite
2057 2341 2315 2409 luebat.
2386 2343 2549 2409 Ma-

34 2462 226 2527 xima
280 2471 426 2526 erat
478 2483 707 2527 rerum
759 2458 1144 2542 conversio,
1199 2481 1353 2526 cum
1415 2458 1696 2549 Pipinus
1750 2456 2045 2549 denique
2096 2459 2411 2528 ultimum
2466 2483 2549 2528 ex

29 2601 299 2673 genere
373 2579 940 2670 Merovingorum
1012 2601 1250 2671 regem
1318 2579 1490 2644 solio
1566 2577 1762 2669 regio
1815 2577 2086 2670 depulit
2140 2589 2347 2669 atque
2404 2581 2551 2671 ipse

22 2720 337 2789 regnum
393 2720 743 2787 capessere
795 2722 992 2767 ausus
1045 2710 1164 2765 est.
1267 2696 1456 2780 Quae
1528 2696 1809 2786 quidem
1862 2699 2216 2790 usurpatio
2250 2700 2389 2767 sin'e
2441 2723 2548 2767 ec·

22 2816 286 2885 clesiae
345 2839 422 2882 ac
473 2814 736 2885 Summi
792 2818 1129 2907 pontificis
1185 2818 1592 2884 auctoritate
1644 2818 1885 2884 sanciri
1938 2840 2067 2885 non
2124 2819 2372 2909 potuit.

456 2985 625 3069 JV.
686 2976 1504 3097 Langobardi.

195 3174 406 3239 Nulla
457 3173 631 3240 inter
683 3173 1180 3265 Langobardos
1250 3173 1505 3241 familia
1557 3174 1763 3242 talem
1817 3172 2111 3241 obtinuit
2161 3194 2290 3263 per
2341 3171 2555 3238 multa

17 3292 312 3361 saecula
365 3290 855 3376 auctoritatem,
913 3293 1185 3382 qualem
1236 3292 1576 3359 habuerat
1626 3292 1802 3358 inter
1842 3290 2306 3381 Ostrogothus
2342 3292 2553 3357 Ama-

17 3414 296 3493 lorum,
351 3410 524 3474 inter
576 3408 876 3477 Francos
916 3410 1483 3499 Merovingorum
1518 3431 1708 3499 gens.
1761 3408 1999 3475 Primo
2049 3418 2330 3499 aspectu
2368 3410 2555 3475 nulla

17 3526 447 3600 succedendi
484 3528 764 3617 regula,
817 3528 936 3595 sed
972 3526 1324 3595 arbitrium
1365 3522 1572 3617 atque
1605 3550 1792 3596 casus
1827 3529 1897 3595 in
1936 3528 2239 3595 creandis
2276 3528 2553 3620 regibus

17 3647 332 3717 valuisse
383 3644 675 3715 videtur.
747 3644 886 3713 Sed
940 3646 1310 3715 accuratius
1363 3647 1816 3735 inquirenteS,
1874 3649 2073 3716 etiam
2130 3647 2319 3738 apud
2369 3647 2551 3713 Lan-

17 3765 421 3863 gobardoS,
474 3766 545 3831 in
596 3766 806 3858 longa
856 3790 1101 3857 regum
1153 3765 1343 3851 serie,
1399 3767 1741 3856 quandam
1792 3767 2087 3835 familiae
2121 3766 2351 3856 regiae
2386 3788 2555 3831 con-

17 3884 489 3958 tinuationem
543 3895 750 3973 atque
800 3885 974 3953 inter
1025 3886 1324 3977 singulos
1376 3908 1574 3977 reges
1607 3908 1986 3955 connexum
2020 3883 2552 3975 propinquitatis

19 4005 344 4077 ‚nvenire
397 4016 750 4095 possumus
771 3994 861 4072 ²¹.

249 4124 470 4191 Primi
539 4122 1162 4215 Langobardorum
1235 4144 1434 4211 reges
1505 4144 1586 4187 ex
1666 4121 2254 4213 Gangingorum
2303 4116 2553 4183 familia

17 4244 508 4327 minuebantur,
563 4266 740 4331 quae
772 4243 946 4311 inter
985 4264 1099 4309 eos
1151 4240 1586 4331 „generosior
1637 4239 2021 4307 habebatur
2070 4226 2549 4328 prosapia“²².

17 4368 246 4451 {Quae
283 4361 559 4451 quidem
614 4361 868 4428 familia
911 4359 1058 4449 jam
1095 4383 1246 4429 cum
1281 4359 1729 4444 Lamichone,
1786 4358 1985 4425 tertio
2015 4378 2201 4447 rege,
2262 4354 2551 4424 extincta

3206 1624 3208 1637 -
3203 1519 3208 1594 „hm
3206 1497 3208 1502 .
3204 1349 3209 1480 Αὴ-.-..
3200 1259 3209 1336 ,ι-ῌῄ
3206 1233 3208 1244 -
3198 1143 3209 1196 -A-
3206 1109 3208 1130 Α-
