3229 5225
1278 222 1434 286 17·

60 408 166 464 set
217 415 550 464 successor
603 393 906 486 legitime
958 403 1257 464 vocatus.
1363 397 1508 466 Nec
1558 419 1795 469 revera
1850 396 2249 468 Gensericus
2321 401 2563 490 omisit,

59 517 276 583 talem
325 513 634 581 ordinem
683 514 844 604 lege
895 536 1014 584 sua
1064 515 1550 605 praescribere.

277 647 452 718 Cum
505 647 594 715 de
645 647 976 716 electione
1023 649 1208 742 regis
1258 673 1390 742 per
1446 651 1789 746 populum
1810 701 1831 737 ‚
1905 652 2023 741 qui
2076 650 2237 720 olim
2292 671 2374 719 ex
2424 661 2571 722 tota

60 770 262 860 regia
309 766 564 834 familia
613 767 1136 836 strenuissimum
1185 768 1529 861 elegerat,
1597 770 1801 838 valde
1866 772 2145 840 adaucta
2192 771 2385 860 regia
2436 794 2572 862 poa-

61 897 310 955 testate
329 935 350 972 ‚
402 907 626 954 sermo
679 908 821 954 esse
871 887 1221 975 nequirett
1275 887 1673 956 Gensericns
1695 939 1716 975 ,
1768 889 1837 956 in
1888 889 2129 959 ordine
2178 887 2575 958 succedendi

61 1003 619 1097 praescribendo,
673 1004 930 1073 nullam
979 1006 1330 1075 meliorem
1383 1029 1691 1075 normam
1760 1009 1951 1098 sequi
2019 1007 2249 1098 potuit
2268 1057 2288 1092 ‚
2366 1029 2577 1099 quam

61 1125 340 1194 aetatis
379 1121 1040 1216 praerogativam.
1097 1124 1295 1210 Quae
1347 1125 1623 1216 quidem
1658 1148 1811 1195 cum
1850 1126 2123 1196 diversis
2172 1125 2579 1196 succedendi

59 1243 444 1312 rationibus
495 1241 831 1334 conjungi.
857 1252 1111 1334 potest.

273 1376 446 1444 Tres
496 1387 650 1446 sunt
699 1376 1120 1469 principales
1187 1379 1583 1446 succedendi
1652 1379 1915 1448 formae
1938 1373 2025 1466 ⁷⁰,
2079 1378 2329 1467 quibus
2384 1387 2571 1446 aeta-

60 1497 146 1564 tis
201 1496 687 1587 praerogat-iva
736 1495 1134 1586 respicitur:

284 1632 363 1720 1)
419 1630 1082 1722 Primogenhmw.
1187 1631 1352 1697 Hac
1425 1632 1827 1701 succedendi
1900 1654 2139 1700 norma
2206 1652 2340 1698 non
2408 1653 2573 1722 gra-

57 1753 306 1833 duum,
365 1749 486 1816 sed
535 1749 750 1814 lineae
799 1748 976 1814 ratio
1045 1746 1383 1830 habetur3
1451 1750 1687 1819 aetatis
1756 1749 2233 1842 praerogativa
2300 1749 2574 1838 quidem

55 1869 474 1951 dominatur,
528 1865 644 1932 sed
697 1865 870 1932 inter
921 1867 1101 1933 filios
1151 1866 1540 1953 dumtaxat,
1591 1868 1711 1936 ubi
1764 1891 1926 1936 vero
1968 1870 2147 1936 ultra
2196 1869 2373 1936 filios
2406 1891 2570 1935 con-

57 1979 410 2058 troversia
447 1983 786 2076 producta
839 1991 960 2058 est,
1019 1993 1164 2051 tum
1216 1985 1451 2052 aetatis
1499 1986 1673 2052 ratio
1727 2007 1862 2052 non
1912 1981 2231 2068 habetur,
2284 1984 2401 2052 sed
2440 1986 2574 2054 loci

60 2130 141 2174 ac
199 2105 437 2171 lineae.
526 2101 710 2170 Tota
761 2101 967 2193 stirps
1018 2109 1179 2168 natu
1232 2099 1504 2193 majoris
1571 2103 1850 2192 stirpem
1920 2110 2082 2168 natu
2134 2100 2407 2169 minoris
2458 2123 2573 2170 ex·

58 2223 302 2294 cludit.

215 2359 321 2450 2)
357 2350 790 2446 Nlajoratus
841 2333 1032 2423 sensu
1083 2354 1422 2424 strictiori.
1464 2357 1619 2424 Hac
1652 2354 2055 2425 succedendi
2090 2356 2311 2424 forma
2346 2355 2572 2447 primo

59 2479 240 2548 ratio
307 2476 609 2550 habetur
675 2473 970 2568 proximi
1045 2474 1334 2566 gradus,
1403 2475 1578 2544 inter
1646 2497 1760 2544 eos
1814 2483 2083 2566 autem,
2151 2473 2271 2562 qui
2323 2472 2567 2544 eodem

57 2596 281 2688 gradu
336 2593 679 2687 gaudent,
752 2593 1077 2663 maximus
1128 2603 1290 2663 natu
1349 2593 1439 2663 ad
1489 2595 1963 2665 successionem
2014 2601 2315 2661 vocatur.

273 2732 357 2819 3)
413 2730 890 2815 SenioratuS‚
965 2729 1090 2799 ubi
1158 2752 1380 2819 neque
1447 2731 1664 2798 lineae
1732 2751 1958 2819 neque
2009 2729 2346 2819 graduum
2396 2727 2571 2796 ratio

61 2852 384 2935 habetur,
441 2849 560 2918 sed
611 2849 756 2917 sola
805 2850 1288 2940 praerogativa
1339 2848 1574 2917 aetatis
1603 2849 1807 2933 valet,
1858 2848 1953 2915 ita
2002 2857 2082 2917 ut
2132 2870 2219 2915 ex
2270 2846 2573 2916 omnium

60 2982 466 3063 agnatorum
519 2990 802 3036 numero
854 2989 1123 3058 semper
1171 2968 1226 3035 is
1275 2978 1574 3055 vocetur,
1630 2968 1750 3058 qui
1801 2978 1962 3035 natu
2014 2964 2341 3036 maximus
2395 2974 2517 3054 est.

261 3106 373 3173 Ex
423 3104 712 3174 fontium
763 3102 1160 3173 testimoniis
1209 3113 1526 3195 apparet,
1582 3103 2022 3171 Gensericnm
2074 3102 2239 3191 lege
2291 3120 2413 3165 sua
2450 3118 2568 3165 ne-

58 3248 198 3313 que
250 3224 859 3315 primogenituram
910 3244 1133 3311 neque
1184 3221 1631 3313 majoratum,
1708 3220 1828 3289 sed
1900 3219 2306 3287 senioratum
2376 3212 2569 3280 insti-

58 3346 296 3413 tuisse:
869 3332 874 3335 ¹

261 3476 654 3567 ,ἐπέσκηψε
709 3475 816 3545 καὶ
860 3474 976 3569 τὴν
1029 3476 1387 3561 βασιλείαν
1437 3474 1534 3543 ἀεὶ
1589 3472 1933 3541 Βανδίλων
1980 3470 2045 3545 ἐς
2088 3469 2331 3539 τοῦτον
2371 3468 2556 3545 ἰέναι,

57 3596 138 3673 ὃς
197 3593 278 3662 ἂν
335 3594 404 3660 ἐκ
457 3590 662 3680 ’γόνου
729 3590 996 3687 ὅῖῥρενος
1053 3588 1248 3681 αὐτῷ
1301 3596 1647 3687 Γιζερίχςέυ
1702 3590 1885 3661 κατὰ
1938 3591 2131 3680 γένος
2180 3587 2553 3682 προςὴκων.

55 3720 412 3810 πρῶτος
459 3705 564 3777 (ἓν
609 3708 1022 3789 ἁπάντων
1062 3718 1229 3780 τῶν
1293 3706 1586 3781 αὐτοῦ
1650 3710 2121 3799 ξυγγενῶν
2178 3704 2329 3797 τὴν
2374 3704 2553 3795 ἣλι·

59 3810 282 3899 κίανι
323 3824 701 3917 τύχοι.“

251 3947 494 4016 Paucis
543 3946 648 4017 his
703 3946 924 4015 verbis
977 3946 1350 4037 Procopius
1422 3956 1639 4014 totam
1712 3945 1939 4036 legem
1990 3938 2388 4012 succedendi
2443 3936 2553 4001 di-

52 4068 284 4137 stincte
335 4065 674 4157 exposuit.

247 4185 482 4254 Primo
513 4182 647 4274 jas
699 4182 1102 4252 succedendi
1176 4179 1742 4249 circumscribitur
1794 4178 1899 4247 his
1960 4178 2215 4246 verbis:
2286 4170 2413 4259 „39
2470 4168 2548 4241 civ

56 4301 120 4371 ἐκ
161 4302 364 4391 γόνου
409 4299 682 4397 ὅρῥενος
728 4296 924 4390 αὐτῷ
972 4305 1318 4396 Γᾳζερίχςυ
1365 4298 1543 4368 κατὰ
1588 4302 1780 4387 γένος
1834 4295 2257 4391 προςὴκιυυ.“
2334 4291 2397 4357 ls
2434 4312 2547 4361 so-

2141 4417 2182 4468 2
