<?xml version="1.0" encoding="UTF-8"?>
<!DOCTYPE html PUBLIC "-//W3C//DTD XHTML 1.0 Transitional//EN"
    "http://www.w3.org/TR/xhtml1/DTD/xhtml1-transitional.dtd">
<html xmlns="http://www.w3.org/1999/xhtml" xml:lang="en" lang="en">
 <head>
  <title>
</title>
<meta http-equiv="Content-Type" content="text/html;charset=utf-8" />
  <meta name='ocr-system' content='tesseract 3.04.00' />
  <meta name='ocr-capabilities' content='ocr_page ocr_carea ocr_par ocr_line ocrx_word'/>
</head>
<body>
  <div class='ocr_page' id='page_1' title='image "./detestamentogen01schugoog_0033.png"; bbox 0 0 3229 5225; ppageno 0'>
   <div class='ocr_carea' id='block_1_1' title="bbox 1293 227 1376 292">
    <p class='ocr_par' dir='ltr' id='par_1_1' title="bbox 1293 227 1376 292">
     <span class='ocr_line' id='line_1_1' title="bbox 1293 227 1376 292; baseline 0 0"><span class='ocrx_word' id='word_1_1' title='bbox 1293 227 1376 292; x_wconf 76' lang='lat'><strong>23</strong></span> 
     </span>
    </p>
   </div>
   <div class='ocr_carea' id='block_1_2' title="bbox 1185 322 1478 334">
    <p class='ocr_par' dir='ltr' id='par_1_2' title="bbox 1185 322 1478 334">
     <span class='ocr_line' id='line_1_2' title="bbox 1185 322 1478 334; baseline 0 4891"><span class='ocrx_word' id='word_1_2' title='bbox 1185 322 1478 334; x_wconf 95' lang='lat' dir='ltr'><strong> </strong></span> 
     </span>
    </p>
   </div>
   <div class='ocr_carea' id='block_1_3' title="bbox 65 402 2583 2751">
    <p class='ocr_par' dir='ltr' id='par_1_3' title="bbox 74 402 2581 856">
     <span class='ocr_line' id='line_1_3' title="bbox 77 402 2580 495; baseline -0.001 -21"><span class='ocrx_word' id='word_1_3' title='bbox 77 405 276 474; x_wconf 86' lang='lat' dir='ltr'><strong>redes</strong></span> <span class='ocrx_word' id='word_1_4' title='bbox 327 427 410 474; x_wconf 82' lang='lat' dir='ltr'><strong>ex</strong></span> <span class='ocrx_word' id='word_1_5' title='bbox 435 402 834 491; x_wconf 69' lang='lat' dir='ltr'><strong>Theodoro,</strong></span> <span class='ocrx_word' id='word_1_6' title='bbox 887 403 1036 473; x_wconf 81' lang='lat' dir='ltr'><strong>filio</strong></span> <span class='ocrx_word' id='word_1_7' title='bbox 1072 413 1233 474; x_wconf 88' lang='lat' dir='ltr'><strong>natu</strong></span> <span class='ocrx_word' id='word_1_8' title='bbox 1273 405 1574 490; x_wconf 84' lang='lat' dir='ltr'><strong>minimo,</strong></span> <span class='ocrx_word' id='word_1_9' title='bbox 1628 405 2023 495; x_wconf 71' lang='lat' dir='ltr'><strong>superstites</strong></span> <span class='ocrx_word' id='word_1_10' title='bbox 2052 407 2348 490; x_wconf 78' lang='lat' dir='ltr'><strong>fuissent,</strong></span> <span class='ocrx_word' id='word_1_11' title='bbox 2402 409 2580 474; x_wconf 86' lang='lat' dir='ltr'><strong>Pro-.</strong></span> 
     </span>
     <span class='ocr_line' id='line_1_4' title="bbox 77 521 2579 617; baseline 0 -25"><span class='ocrx_word' id='word_1_12' title='bbox 77 525 268 617; x_wconf 84' lang='lat' dir='ltr'><strong>&#39;copii</strong></span> <span class='ocrx_word' id='word_1_13' title='bbox 317 524 640 593; x_wconf 86' lang='lat' dir='ltr'><strong>sententia</strong></span> <span class='ocrx_word' id='word_1_14' title='bbox 658 573 678 610; x_wconf 88' lang='lat'>,</span> <span class='ocrx_word' id='word_1_15' title='bbox 753 523 952 616; x_wconf 82' lang='lat' dir='ltr'><strong>etiam</strong></span> <span class='ocrx_word' id='word_1_16' title='bbox 1017 521 1096 588; x_wconf 85' lang='lat' dir='ltr'><strong>hi</strong></span> <span class='ocrx_word' id='word_1_17' title='bbox 1147 521 1630 592; x_wconf 82' lang='lat' dir='ltr'><strong>descendentes</strong></span> <span class='ocrx_word' id='word_1_18' title='bbox 1698 522 1953 604; x_wconf 85' lang='lat' dir='ltr'><strong>relicti,</strong></span> <span class='ocrx_word' id='word_1_19' title='bbox 2030 533 2355 614; x_wconf 78' lang='lat' dir='ltr'><strong>tanquam</strong></span> <span class='ocrx_word' id='word_1_20' title='bbox 2406 526 2579 616; x_wconf 84' lang='lat' dir='ltr'><strong>regii</strong></span> 
     </span>
     <span class='ocr_line' id='line_1_5' title="bbox 74 629 2581 735; baseline 0 -23"><span class='ocrx_word' id='word_1_21' title='bbox 74 629 420 735; x_wconf 78' lang='lat' dir='ltr'><strong>sanguinis</strong></span> <span class='ocrx_word' id='word_1_22' title='bbox 475 641 882 733; x_wconf 76' lang='lat' dir='ltr'><strong>participes,</strong></span> <span class='ocrx_word' id='word_1_23' title='bbox 953 641 1306 710; x_wconf 80' lang='lat' dir='ltr'><strong>latifundia</strong></span> <span class='ocrx_word' id='word_1_24' title='bbox 1357 666 1398 708; x_wconf 89' lang='lat' dir='ltr'><strong>a</strong></span> <span class='ocrx_word' id='word_1_25' title='bbox 1447 665 1617 734; x_wconf 86' lang='lat' dir='ltr'><strong>rege</strong></span> <span class='ocrx_word' id='word_1_26' title='bbox 1669 642 1981 733; x_wconf 88' lang='lat' dir='ltr'><strong>accipere</strong></span> <span class='ocrx_word' id='word_1_27' title='bbox 2030 641 2451 728; x_wconf 84' lang='lat' dir='ltr'><strong>debuissent,</strong></span> <span class='ocrx_word' id='word_1_28' title='bbox 2505 655 2581 714; x_wconf 88' lang='lat' dir='ltr'><strong>ut</strong></span> 
     </span>
     <span class='ocr_line' id='line_1_6' title="bbox 76 761 1886 856; baseline 0 -27"><span class='ocrx_word' id='word_1_29' title='bbox 76 762 397 856; x_wconf 81' lang='lat' dir='ltr'><strong>dignitati</strong></span> <span class='ocrx_word' id='word_1_30' title='bbox 447 761 734 845; x_wconf 80' lang='lat' dir='ltr'><strong>innatae,</strong></span> <span class='ocrx_word' id='word_1_31' title='bbox 789 761 1258 828; x_wconf 86' lang='lat' dir='ltr'><strong>convenienter</strong></span> <span class='ocrx_word' id='word_1_32' title='bbox 1307 761 1539 828; x_wconf 81' lang='lat' dir='ltr'><strong>vivere</strong></span> <span class='ocrx_word' id='word_1_33' title='bbox 1587 769 1886 851; x_wconf 86' lang='lat' dir='ltr'><strong>possent.</strong></span> 
     </span>
    </p>

    <p class='ocr_par' dir='ltr' id='par_1_4' title="bbox 67 879 2583 1914">
     <span class='ocr_line' id='line_1_7' title="bbox 286 879 2579 970; baseline 0 -23"><span class='ocrx_word' id='word_1_34' title='bbox 286 881 514 948; x_wconf 88' lang='lat' dir='ltr'><strong>Etiam</strong></span> <span class='ocrx_word' id='word_1_35' title='bbox 564 879 696 947; x_wconf 89' lang='lat' dir='ltr'><strong>hae</strong></span> <span class='ocrx_word' id='word_1_36' title='bbox 747 879 1007 946; x_wconf 87' lang='lat' dir='ltr'><strong>ratione</strong></span> <span class='ocrx_word' id='word_1_37' title='bbox 1059 880 1456 970; x_wconf 84' lang='lat' dir='ltr'><strong>postgenitis</strong></span> <span class='ocrx_word' id='word_1_38' title='bbox 1499 889 1943 970; x_wconf 86' lang='lat' dir='ltr'><strong>prospectum</strong></span> <span class='ocrx_word' id='word_1_39' title='bbox 1996 888 2117 964; x_wconf 82' lang='lat' dir='ltr'><strong>est,</strong></span> <span class='ocrx_word' id='word_1_40' title='bbox 2171 888 2247 947; x_wconf 89' lang='lat' dir='ltr'><strong>ut</strong></span> <span class='ocrx_word' id='word_1_41' title='bbox 2281 902 2401 947; x_wconf 84' lang='lat' dir='ltr'><strong>rex</strong></span> <span class='ocrx_word' id='word_1_42' title='bbox 2437 880 2579 948; x_wconf 87' lang='lat' dir='ltr'><strong>fra-</strong></span> 
     </span>
     <span class='ocr_line' id='line_1_8' title="bbox 75 997 2579 1089; baseline -0.001 -22"><span class='ocrx_word' id='word_1_43' title='bbox 75 1011 214 1067; x_wconf 83' lang='lat' dir='ltr'><strong>tres</strong></span> <span class='ocrx_word' id='word_1_44' title='bbox 257 998 566 1089; x_wconf 83' lang='lat' dir='ltr'><strong>juniores</strong></span> <span class='ocrx_word' id='word_1_45' title='bbox 619 1021 698 1064; x_wconf 89' lang='lat' dir='ltr'><strong>ac</strong></span> <span class='ocrx_word' id='word_1_46' title='bbox 747 997 1174 1089; x_wconf 86' lang='lat' dir='ltr'><strong>propinquos</strong></span> <span class='ocrx_word' id='word_1_47' title='bbox 1225 998 1495 1066; x_wconf 86' lang='lat' dir='ltr'><strong>summis</strong></span> <span class='ocrx_word' id='word_1_48' title='bbox 1547 997 1947 1066; x_wconf 82' lang='lat' dir='ltr'><strong>militaribus</strong></span> <span class='ocrx_word' id='word_1_49' title='bbox 1980 997 2425 1089; x_wconf 83' lang='lat' dir='ltr'><strong>dignitatibus</strong></span> <span class='ocrx_word' id='word_1_50' title='bbox 2462 1022 2579 1065; x_wconf 83' lang='lat' dir='ltr'><strong>or-</strong></span> 
     </span>
     <span class='ocr_line' id='line_1_9' title="bbox 72 1116 2579 1208; baseline -0.001 -22"><span class='ocrx_word' id='word_1_51' title='bbox 72 1127 292 1187; x_wconf 83' lang='lat' dir='ltr'><strong>naret.</strong></span> <span class='ocrx_word' id='word_1_52' title='bbox 345 1117 464 1186; x_wconf 86' lang='lat' dir='ltr'><strong>sic</strong></span> <span class='ocrx_word' id='word_1_53' title='bbox 512 1117 869 1184; x_wconf 88' lang='lat' dir='ltr'><strong>Hilderico.</strong></span> <span class='ocrx_word' id='word_1_54' title='bbox 900 1138 1088 1208; x_wconf 84' lang='lat' dir='ltr'><strong>-rege</strong></span> <span class='ocrx_word' id='word_1_55' title='bbox 1139 1116 1418 1201; x_wconf 85' lang='lat' dir='ltr'><strong>Oamer,</strong></span> <span class='ocrx_word' id='word_1_56' title='bbox 1473 1117 1819 1184; x_wconf 85' lang='lat' dir='ltr'><strong>Gelimere</strong></span> <span class='ocrx_word' id='word_1_57' title='bbox 1862 1137 2031 1207; x_wconf 86' lang='lat' dir='ltr'><strong>rege</strong></span> <span class='ocrx_word' id='word_1_58' title='bbox 2054 1117 2359 1201; x_wconf 87' lang='lat' dir='ltr'><strong>Tzazon,</strong></span> <span class='ocrx_word' id='word_1_59' title='bbox 2406 1119 2579 1186; x_wconf 85' lang='lat' dir='ltr'><strong>Am-</strong></span> 
     </span>
     <span class='ocr_line' id='line_1_10' title="bbox 73 1234 2583 1328; baseline -0 -24"><span class='ocrx_word' id='word_1_60' title='bbox 73 1247 290 1304; x_wconf 86' lang='lat' dir='ltr'><strong>matas</strong></span> <span class='ocrx_word' id='word_1_61' title='bbox 341 1248 550 1326; x_wconf 85' lang='lat' dir='ltr'><strong>atque</strong></span> <span class='ocrx_word' id='word_1_62' title='bbox 603 1234 1038 1322; x_wconf 82' lang='lat' dir='ltr'><strong>Gibamuml,</strong></span> <span class='ocrx_word' id='word_1_63' title='bbox 1112 1237 1345 1328; x_wconf 84' lang='lat' dir='ltr'><strong>regiae</strong></span> <span class='ocrx_word' id='word_1_64' title='bbox 1411 1234 1706 1304; x_wconf 81' lang='lat' dir='ltr'><strong>familiae</strong></span> <span class='ocrx_word' id='word_1_65' title='bbox 1758 1235 2169 1325; x_wconf 86' lang='lat' dir='ltr'><strong>propinqui,</strong></span> <span class='ocrx_word' id='word_1_66' title='bbox 2237 1235 2583 1304; x_wconf 73' lang='lat' dir='ltr'><strong>Vandalu-</strong></span> 
     </span>
     <span class='ocr_line' id='line_1_11' title="bbox 71 1353 2577 1448; baseline -0.001 -26"><span class='ocrx_word' id='word_1_67' title='bbox 71 1379 230 1423; x_wconf 89' lang='lat' dir='ltr'><strong>rum</strong></span> <span class='ocrx_word' id='word_1_68' title='bbox 285 1355 616 1424; x_wconf 78' lang='lat' dir='ltr'><strong>exercitus</strong></span> <span class='ocrx_word' id='word_1_69' title='bbox 667 1354 1029 1423; x_wconf 83' lang='lat' dir='ltr'><strong>ducebant.</strong></span> <span class='ocrx_word' id='word_1_70' title='bbox 1111 1357 1256 1422; x_wconf 90' lang='lat' dir='ltr'><strong>Nec</strong></span> <span class='ocrx_word' id='word_1_71' title='bbox 1309 1353 1681 1445; x_wconf 83' lang='lat' dir='ltr'><strong>postgeniti</strong></span> <span class='ocrx_word' id='word_1_72' title='bbox 1736 1353 1976 1448; x_wconf 84' lang='lat' dir='ltr'><strong>eodem</strong></span> <span class='ocrx_word' id='word_1_73' title='bbox 2028 1355 2183 1421; x_wconf 89' lang='lat' dir='ltr'><strong>loco</strong></span> <span class='ocrx_word' id='word_1_74' title='bbox 2236 1376 2305 1420; x_wconf 92' lang='lat' dir='ltr'><strong>se</strong></span> <span class='ocrx_word' id='word_1_75' title='bbox 2355 1354 2577 1421; x_wconf 88' lang='lat' dir='ltr'><strong>habe-</strong></span> 
     </span>
     <span class='ocr_line' id='line_1_12' title="bbox 77 1469 2577 1564; baseline 0 -24"><span class='ocrx_word' id='word_1_76' title='bbox 77 1475 246 1542; x_wconf 87' lang='lat' dir='ltr'><strong>bant</strong></span> <span class='ocrx_word' id='word_1_77' title='bbox 298 1495 454 1544; x_wconf 85' lang='lat' dir='ltr'><strong>cum</strong></span> <span class='ocrx_word' id='word_1_78' title='bbox 506 1474 720 1541; x_wconf 83' lang='lat' dir='ltr'><strong>fratre</strong></span> <span class='ocrx_word' id='word_1_79' title='bbox 771 1483 931 1541; x_wconf 86' lang='lat' dir='ltr'><strong>natu</strong></span> <span class='ocrx_word' id='word_1_80' title='bbox 984 1474 1276 1542; x_wconf 77' lang='lat' dir='ltr'><strong>maximo</strong></span> <span class='ocrx_word' id='word_1_81' title='bbox 1344 1495 1424 1540; x_wconf 89' lang='lat' dir='ltr'><strong>ac</strong></span> <span class='ocrx_word' id='word_1_82' title='bbox 1490 1482 1819 1564; x_wconf 85' lang='lat' dir='ltr'><strong>regente,</strong></span> <span class='ocrx_word' id='word_1_83' title='bbox 1892 1471 2012 1538; x_wconf 87' lang='lat' dir='ltr'><strong>sed</strong></span> <span class='ocrx_word' id='word_1_84' title='bbox 2084 1469 2577 1562; x_wconf 82' lang='lat' dir='ltr'><strong>subjectionem</strong></span> 
     </span>
     <span class='ocr_line' id='line_1_13' title="bbox 67 1590 2577 1684; baseline -0.001 -24"><span class='ocrx_word' id='word_1_85' title='bbox 67 1617 260 1660; x_wconf 86' lang='lat' dir='ltr'><strong>suam</strong></span> <span class='ocrx_word' id='word_1_86' title='bbox 315 1594 518 1660; x_wconf 89' lang='lat' dir='ltr'><strong>etiam</strong></span> <span class='ocrx_word' id='word_1_87' title='bbox 571 1593 816 1660; x_wconf 83' lang='lat' dir='ltr'><strong>devota</strong></span> <span class='ocrx_word' id='word_1_88' title='bbox 867 1593 1240 1662; x_wconf 81' lang='lat' dir='ltr'><strong>reverentia</strong></span> <span class='ocrx_word' id='word_1_89' title='bbox 1291 1591 1783 1684; x_wconf 85' lang='lat' dir='ltr'><strong>significabant.</strong></span> <span class='ocrx_word' id='word_1_90' title='bbox 1874 1590 1992 1658; x_wconf 87' lang='lat' dir='ltr'><strong>Sic</strong></span> <span class='ocrx_word' id='word_1_91' title='bbox 2044 1591 2323 1658; x_wconf 85' lang='lat' dir='ltr'><strong>Tzazon</strong></span> <span class='ocrx_word' id='word_1_92' title='bbox 2378 1591 2577 1659; x_wconf 82' lang='lat' dir='ltr'><strong>Geli-</strong></span> 
     </span>
     <span class='ocr_line' id='line_1_14' title="bbox 75 1701 2571 1802; baseline -0.001 -22"><span class='ocrx_word' id='word_1_93' title='bbox 75 1735 338 1780; x_wconf 82' lang='lat' dir='ltr'><strong>merem</strong></span> <span class='ocrx_word' id='word_1_94' title='bbox 390 1711 672 1778; x_wconf 84' lang='lat' dir='ltr'><strong>fratrem</strong></span> <span class='ocrx_word' id='word_1_95' title='bbox 723 1735 802 1778; x_wconf 90' lang='lat' dir='ltr'><strong>ae</strong></span> <span class='ocrx_word' id='word_1_96' title='bbox 852 1734 1090 1802; x_wconf 84' lang='lat' dir='ltr'><strong>regem</strong></span> <span class='ocrx_word' id='word_1_97' title='bbox 1140 1734 1336 1780; x_wconf 89' lang='lat' dir='ltr'><strong>suum</strong></span> <span class='ocrx_word' id='word_1_98' title='bbox 1385 1711 1761 1779; x_wconf 84' lang='lat' dir='ltr'><strong>humillime</strong></span> <span class='ocrx_word' id='word_1_99' title='bbox 1810 1709 2215 1798; x_wconf 81' lang='lat' dir='ltr'><strong>alloquitur:</strong></span> <span class='ocrx_word' id='word_1_100' title='bbox 2270 1701 2371 1794; x_wconf 54' lang='lat' dir='ltr'><strong>„ul</strong></span> <span class='ocrx_word' id='word_1_101' title='bbox 2400 1719 2571 1778; x_wconf 80' lang='grc' dir='ltr'><strong><em>Βαν-</em></strong></span> 
     </span>
     <span class='ocr_line' id='line_1_15' title="bbox 73 1826 2471 1914; baseline -0.001 -16"><span class='ocrx_word' id='word_1_102' title='bbox 73 1832 282 1898; x_wconf 80' lang='grc' dir='ltr'>δίλων</span> <span class='ocrx_word' id='word_1_103' title='bbox 331 1857 406 1898; x_wconf 78' lang='grc' dir='ltr'><strong>τε</strong></span> <span class='ocrx_word' id='word_1_104' title='bbox 439 1829 550 1896; x_wconf 75' lang='grc' dir='ltr'><strong>καὶ</strong></span> <span class='ocrx_word' id='word_1_105' title='bbox 575 1826 882 1896; x_wconf 75' lang='grc' dir='ltr'>Ἀλανῶν</span> <span class='ocrx_word' id='word_1_106' title='bbox 917 1831 1274 1912; x_wconf 75' lang='grc' dir='ltr'><em>βασιλεῢ.“</em></span> <span class='ocrx_word' id='word_1_107' title='bbox 1342 1830 1545 1898; x_wconf 89' lang='lat' dir='ltr'><strong>Proc.</strong></span> <span class='ocrx_word' id='word_1_108' title='bbox 1597 1830 1685 1896; x_wconf 77' lang='lat' dir='ltr'><strong>(le</strong></span> <span class='ocrx_word' id='word_1_109' title='bbox 1738 1830 1927 1896; x_wconf 87' lang='lat' dir='ltr'><strong>bello</strong></span> <span class='ocrx_word' id='word_1_110' title='bbox 1978 1828 2204 1896; x_wconf 79' lang='lat' dir='ltr'><strong>Vand.</strong></span> <span class='ocrx_word' id='word_1_111' title='bbox 2245 1829 2303 1914; x_wconf 85' lang='lat' dir='ltr'><strong>l,</strong></span> <span class='ocrx_word' id='word_1_112' title='bbox 2346 1828 2471 1896; x_wconf 78' lang='lat'><strong>24.</strong></span> 
     </span>
    </p>

    <p class='ocr_par' dir='ltr' id='par_1_5' title="bbox 68 1945 2577 2393">
     <span class='ocr_line' id='line_1_16' title="bbox 283 1945 2576 2038; baseline -0.001 -23"><span class='ocrx_word' id='word_1_113' title='bbox 283 1949 440 2015; x_wconf 89' lang='lat' dir='ltr'><strong>Non</strong></span> <span class='ocrx_word' id='word_1_114' title='bbox 491 1947 714 2014; x_wconf 86' lang='lat' dir='ltr'><strong>solum</strong></span> <span class='ocrx_word' id='word_1_115' title='bbox 765 1967 886 2012; x_wconf 83' lang='lat' dir='ltr'><strong>rex</strong></span> <span class='ocrx_word' id='word_1_116' title='bbox 910 1995 930 2030; x_wconf 88' lang='lat'>‚</span> <span class='ocrx_word' id='word_1_117' title='bbox 1000 1945 1118 2014; x_wconf 88' lang='lat' dir='ltr'><strong>sed</strong></span> <span class='ocrx_word' id='word_1_118' title='bbox 1169 1948 1370 2016; x_wconf 84' lang='lat' dir='ltr'><strong>etiam</strong></span> <span class='ocrx_word' id='word_1_119' title='bbox 1425 1962 1664 2014; x_wconf 87' lang='lat' dir='ltr'><strong>omnes&#39;</strong></span> <span class='ocrx_word' id='word_1_120' title='bbox 1726 1947 1871 2038; x_wconf 86' lang='lat' dir='ltr'><strong>ejus</strong></span> <span class='ocrx_word' id='word_1_121' title='bbox 1944 1947 2069 2014; x_wconf 86' lang='lat' dir='ltr'><strong>filii</strong></span> <span class='ocrx_word' id='word_1_122' title='bbox 2136 1971 2289 2016; x_wconf 88' lang='lat' dir='ltr'><strong>suos</strong></span> <span class='ocrx_word' id='word_1_123' title='bbox 2358 1947 2576 2014; x_wconf 81' lang='lat' dir='ltr'><strong>cult-us</strong></span> 
     </span>
     <span class='ocr_line' id='line_1_17' title="bbox 68 2064 2577 2158; baseline 0 -26"><span class='ocrx_word' id='word_1_124' title='bbox 68 2065 488 2158; x_wconf 85' lang='lat' dir='ltr'><strong>principales</strong></span> <span class='ocrx_word' id='word_1_125' title='bbox 554 2064 946 2132; x_wconf 88' lang='lat' dir='ltr'><strong>habuerunt</strong></span> <span class='ocrx_word' id='word_1_126' title='bbox 1011 2088 1336 2155; x_wconf 82' lang='lat' dir='ltr'><strong>suamque</strong></span> <span class='ocrx_word' id='word_1_127' title='bbox 1401 2066 1711 2156; x_wconf 85' lang='lat' dir='ltr'><strong>ipsorum</strong></span> <span class='ocrx_word' id='word_1_128' title='bbox 1781 2065 2005 2132; x_wconf 83' lang='lat' dir='ltr'><strong>aulam</strong></span> <span class='ocrx_word' id='word_1_129' title='bbox 2030 2117 2049 2146; x_wconf 86' lang='lat'>,</span> <span class='ocrx_word' id='word_1_130' title='bbox 2122 2064 2231 2132; x_wconf 86' lang='lat' dir='ltr'><strong>cui</strong></span> <span class='ocrx_word' id='word_1_131' title='bbox 2297 2064 2577 2139; x_wconf 81' lang='lat' dir='ltr'><strong>ministri</strong></span> 
     </span>
     <span class='ocr_line' id='line_1_18' title="bbox 69 2183 2574 2275; baseline -0.001 -23"><span class='ocrx_word' id='word_1_132' title='bbox 69 2185 280 2254; x_wconf 87' lang='lat' dir='ltr'><strong>aulici</strong></span> <span class='ocrx_word' id='word_1_133' title='bbox 331 2183 710 2275; x_wconf 83' lang='lat' dir='ltr'><strong>praepositi</strong></span> <span class='ocrx_word' id='word_1_134' title='bbox 761 2193 976 2250; x_wconf 86' lang='lat' dir='ltr'><strong>erant.</strong></span> <span class='ocrx_word' id='word_1_135' title='bbox 1059 2183 1216 2250; x_wconf 81' lang='lat' dir='ltr'><strong>Rex</strong></span> <span class='ocrx_word' id='word_1_136' title='bbox 1297 2195 1520 2252; x_wconf 84' lang='lat' dir='ltr'><strong>autem</strong></span> <span class='ocrx_word' id='word_1_137' title='bbox 1585 2183 1701 2274; x_wconf 80' lang='lat' dir='ltr'><strong>jus</strong></span> <span class='ocrx_word' id='word_1_138' title='bbox 1768 2183 2089 2250; x_wconf 85' lang='lat' dir='ltr'><strong>filiorum·</strong></span> <span class='ocrx_word' id='word_1_139' title='bbox 2136 2183 2321 2250; x_wconf 85' lang='lat' dir='ltr'><strong>aulas</strong></span> <span class='ocrx_word' id='word_1_140' title='bbox 2373 2203 2574 2271; x_wconf 87' lang='lat' dir='ltr'><strong>prae-</strong></span> 
     </span>
     <span class='ocr_line' id='line_1_19' title="bbox 77 2291 1607 2393; baseline -0.002 -22"><span class='ocrx_word' id='word_1_141' title='bbox 77 2303 304 2393; x_wconf 80' lang='lat' dir='ltr'><strong>ceptis</strong></span> <span class='ocrx_word' id='word_1_142' title='bbox 355 2301 486 2370; x_wconf 85' lang='lat' dir='ltr'><strong>suis</strong></span> <span class='ocrx_word' id='word_1_143' title='bbox 539 2301 893 2368; x_wconf 87' lang='lat' dir='ltr'><strong>ordinandi</strong></span> <span class='ocrx_word' id='word_1_144' title='bbox 945 2301 1072 2368; x_wconf 89' lang='lat' dir='ltr'><strong>sibi</strong></span> <span class='ocrx_word' id='word_1_145' title='bbox 1123 2303 1484 2376; x_wconf 76' lang='lat' dir='ltr'><strong>vindicavit</strong></span> <span class='ocrx_word' id='word_1_146' title='bbox 1515 2291 1607 2368; x_wconf 78' lang='lat'><strong>⁷⁶.</strong></span> 
     </span>
    </p>

    <p class='ocr_par' dir='ltr' id='par_1_6' title="bbox 65 2418 2574 2751">
     <span class='ocr_line' id='line_1_20' title="bbox 285 2418 2574 2512; baseline -0.001 -24"><span class='ocrx_word' id='word_1_147' title='bbox 285 2419 538 2488; x_wconf 87' lang='lat' dir='ltr'><strong>Omnes</strong></span> <span class='ocrx_word' id='word_1_148' title='bbox 612 2421 844 2510; x_wconf 77' lang='lat' dir='ltr'><strong>&#39;regiae</strong></span> <span class='ocrx_word' id='word_1_149' title='bbox 913 2420 1206 2489; x_wconf 85' lang='lat' dir='ltr'><strong>familiae</strong></span> <span class='ocrx_word' id='word_1_150' title='bbox 1273 2419 1652 2512; x_wconf 85' lang='lat' dir='ltr'><strong>propinqui</strong></span> <span class='ocrx_word' id='word_1_151' title='bbox 1705 2443 1743 2486; x_wconf 90' lang='lat' dir='ltr'><strong>a</strong></span> <span class='ocrx_word' id='word_1_152' title='bbox 1794 2418 2143 2509; x_wconf 88' lang='lat' dir='ltr'><strong>Procopio</strong></span> <span class='ocrx_word' id='word_1_153' title='bbox 2198 2418 2574 2509; x_wconf 24' lang='lat' dir='ltr'><strong>„aveque-W</strong></span> 
     </span>
     <span class='ocr_line' id='line_1_21' title="bbox 68 2537 2573 2632; baseline -0.002 -25"><span class='ocrx_word' id='word_1_154' title='bbox 68 2550 444 2625; x_wconf 79' lang='lat' dir='ltr'><strong>vocantur,</strong></span> <span class='ocrx_word' id='word_1_155' title='bbox 523 2537 714 2631; x_wconf 84' lang='lat' dir='ltr'><strong>cujus</strong></span> <span class='ocrx_word' id='word_1_156' title='bbox 782 2539 1064 2606; x_wconf 89' lang='lat' dir='ltr'><strong>nominis</strong></span> <span class='ocrx_word' id='word_1_157' title='bbox 1133 2541 1464 2632; x_wconf 81' lang='lat' dir='ltr'><strong>generalis</strong></span> <span class='ocrx_word' id='word_1_158' title='bbox 1539 2551 1639 2608; x_wconf 84' lang='lat' dir='ltr'><strong>est</strong></span> <span class='ocrx_word' id='word_1_159' title='bbox 1705 2539 2107 2631; x_wconf 87' lang='lat' dir='ltr'><strong>significatio</strong></span> <span class='ocrx_word' id='word_1_160' title='bbox 2185 2537 2299 2627; x_wconf 84' lang='lat' dir='ltr'><strong>(ut</strong></span> <span class='ocrx_word' id='word_1_161' title='bbox 2364 2538 2573 2604; x_wconf 82' lang='lat' dir='ltr'><strong>nostri</strong></span> 
     </span>
     <span class='ocr_line' id='line_1_22' title="bbox 65 2657 2479 2751; baseline -0 -25"><span class='ocrx_word' id='word_1_162' title='bbox 65 2660 272 2729; x_wconf 86' lang='lat' dir='ltr'><strong>verbi</strong></span> <span class='ocrx_word' id='word_1_163' title='bbox 324 2658 730 2746; x_wconf 78' lang='lat' dir='ltr'><strong>„Vetter“)‚</strong></span> <span class='ocrx_word' id='word_1_164' title='bbox 785 2680 906 2726; x_wconf 89' lang='lat' dir='ltr'><strong>nec</strong></span> <span class='ocrx_word' id='word_1_165' title='bbox 943 2670 1198 2727; x_wconf 86' lang='lat' dir='ltr'><strong>certum</strong></span> <span class='ocrx_word' id='word_1_166' title='bbox 1233 2660 1524 2751; x_wconf 84' lang='lat' dir='ltr'><strong>gradum</strong></span> <span class='ocrx_word' id='word_1_167' title='bbox 1568 2658 2095 2749; x_wconf 83' lang='lat' dir='ltr'><strong>propinquitatis</strong></span> <span class='ocrx_word' id='word_1_168' title='bbox 2148 2657 2479 2749; x_wconf 81' lang='lat' dir='ltr'><strong>designat.</strong></span> 
     </span>
    </p>
   </div>
   <div class='ocr_carea' id='block_1_4' title="bbox 1110 2902 1516 2910">
    <p class='ocr_par' dir='ltr' id='par_1_7' title="bbox 1110 2902 1516 2910">
     <span class='ocr_line' id='line_1_23' title="bbox 1110 2902 1516 2910; baseline -0.002 0"><span class='ocrx_word' id='word_1_169' title='bbox 1110 2902 1336 2910; x_wconf 47' lang='lat' dir='ltr'><em>—aae---—-.</em></span> <span class='ocrx_word' id='word_1_170' title='bbox 1346 2903 1356 2907; x_wconf 83' lang='grc'>-</span> <span class='ocrx_word' id='word_1_171' title='bbox 1367 2902 1402 2908; x_wconf 70' lang='lat'><strong>..-</strong></span> <span class='ocrx_word' id='word_1_172' title='bbox 1443 2903 1464 2906; x_wconf 60' lang='grc'><strong>-»</strong></span> <span class='ocrx_word' id='word_1_173' title='bbox 1471 2902 1516 2909; x_wconf 73' lang='grc' dir='ltr'>--ι-</span> 
     </span>
    </p>
   </div>
   <div class='ocr_carea' id='block_1_5' title="bbox 1193 3080 1442 3169">
    <p class='ocr_par' dir='ltr' id='par_1_8' title="bbox 1193 3080 1442 3169">
     <span class='ocr_line' id='line_1_24' title="bbox 1193 3080 1442 3169; baseline 0 -20"><span class='ocrx_word' id='word_1_174' title='bbox 1193 3085 1263 3169; x_wconf 85' lang='lat'><strong>§·</strong></span> <span class='ocrx_word' id='word_1_175' title='bbox 1324 3080 1442 3150; x_wconf 88' lang='lat'><strong>10.</strong></span> 
     </span>
    </p>
   </div>
   <div class='ocr_carea' id='block_1_6' title="bbox 153 3168 2483 3391">
    <p class='ocr_par' dir='ltr' id='par_1_9' title="bbox 153 3168 2483 3391">
     <span class='ocr_line' id='line_1_25' title="bbox 153 3168 2483 3292; baseline -0.002 -16"><span class='ocrx_word' id='word_1_176' title='bbox 153 3216 242 3277; x_wconf 77' lang='lat' dir='ltr'><strong>IN</strong></span> <span class='ocrx_word' id='word_1_177' title='bbox 287 3213 682 3292; x_wconf 69' lang='lat' dir='ltr'><strong>QUANTUM</strong></span> <span class='ocrx_word' id='word_1_178' title='bbox 729 3213 1168 3273; x_wconf 79' lang='lat' dir='ltr'>GENSERICI</span> <span class='ocrx_word' id='word_1_179' title='bbox 1230 3168 1780 3275; x_wconf 51' lang='lat' dir='ltr'><strong>coNsTlffiUTIO</strong></span> <span class='ocrx_word' id='word_1_180' title='bbox 1824 3213 1909 3273; x_wconf 90' lang='lat' dir='ltr'><strong>IN</strong></span> <span class='ocrx_word' id='word_1_181' title='bbox 1952 3211 2483 3273; x_wconf 79' lang='lat' dir='ltr'><strong>SINGULORUM</strong></span> 
     </span>
     <span class='ocr_line' id='line_1_26' title="bbox 362 3330 2275 3391; baseline -0.001 0"><span class='ocrx_word' id='word_1_182' title='bbox 362 3331 655 3391; x_wconf 79' lang='lat' dir='ltr'>REGUM</span> <span class='ocrx_word' id='word_1_183' title='bbox 698 3330 1376 3389; x_wconf 78' lang='lat' dir='ltr'>SUCGESSIOMBUS</span> <span class='ocrx_word' id='word_1_184' title='bbox 1423 3331 1911 3390; x_wconf 77' lang='lat' dir='ltr'><strong>OBSERVATA</strong></span> <span class='ocrx_word' id='word_1_185' title='bbox 1956 3332 2275 3390; x_wconf 81' lang='lat' dir='ltr'><strong>FUERIT.</strong></span> 
     </span>
    </p>
   </div>
   <div class='ocr_carea' id='block_1_7' title="bbox 63 3499 2567 3953">
    <p class='ocr_par' dir='ltr' id='par_1_10' title="bbox 63 3499 2567 3953">
     <span class='ocr_line' id='line_1_27' title="bbox 275 3499 2567 3595; baseline 0 -23"><span class='ocrx_word' id='word_1_186' title='bbox 275 3502 536 3572; x_wconf 85' lang='lat' dir='ltr'><strong>Gaussis</strong></span> <span class='ocrx_word' id='word_1_187' title='bbox 604 3524 684 3569; x_wconf 89' lang='lat' dir='ltr'><strong>ac</strong></span> <span class='ocrx_word' id='word_1_188' title='bbox 752 3500 1100 3592; x_wconf 87' lang='lat' dir='ltr'><strong>principiis</strong></span> <span class='ocrx_word' id='word_1_189' title='bbox 1170 3499 1378 3591; x_wconf 84' lang='lat' dir='ltr'><strong>hujus</strong></span> <span class='ocrx_word' id='word_1_190' title='bbox 1451 3503 1625 3595; x_wconf 83' lang='lat' dir='ltr'><strong>legis</strong></span> <span class='ocrx_word' id='word_1_191' title='bbox 1690 3505 2131 3574; x_wconf 82' lang='lat' dir='ltr'><strong>successoriae</strong></span> <span class='ocrx_word' id='word_1_192' title='bbox 2198 3507 2567 3575; x_wconf 85' lang='lat' dir='ltr'><strong>accuratius</strong></span> 
     </span>
     <span class='ocr_line' id='line_1_28' title="bbox 63 3619 2563 3714; baseline -0.001 -21"><span class='ocrx_word' id='word_1_193' title='bbox 63 3621 454 3707; x_wconf 78' lang='lat' dir='ltr'><strong>enucleatis,</strong></span> <span class='ocrx_word' id='word_1_194' title='bbox 509 3642 684 3687; x_wconf 90' lang='lat' dir='ltr'><strong>nunc</strong></span> <span class='ocrx_word' id='word_1_195' title='bbox 724 3619 870 3712; x_wconf 82' lang='lat' dir='ltr'><strong>jam</strong></span> <span class='ocrx_word' id='word_1_196' title='bbox 923 3620 1398 3710; x_wconf 81' lang='lat' dir='ltr'><strong>inquirendum</strong></span> <span class='ocrx_word' id='word_1_197' title='bbox 1452 3628 1572 3709; x_wconf 78' lang='lat' dir='ltr'><strong>est,</strong></span> <span class='ocrx_word' id='word_1_198' title='bbox 1630 3624 1979 3714; x_wconf 86' lang='lat' dir='ltr'><strong>quomodo</strong></span> <span class='ocrx_word' id='word_1_199' title='bbox 2005 3624 2347 3693; x_wconf 84' lang='lat' dir='ltr'><strong>Genserici</strong></span> <span class='ocrx_word' id='word_1_200' title='bbox 2403 3648 2563 3693; x_wconf 82' lang='lat' dir='ltr'><strong>con·</strong></span> 
     </span>
     <span class='ocr_line' id='line_1_29' title="bbox 63 3739 2567 3835; baseline -0.002 -24"><span class='ocrx_word' id='word_1_201' title='bbox 63 3741 325 3811; x_wconf 82' lang='lat' dir='ltr'><strong>stitutio</strong></span> <span class='ocrx_word' id='word_1_202' title='bbox 377 3739 447 3806; x_wconf 89' lang='lat' dir='ltr'><strong>in</strong></span> <span class='ocrx_word' id='word_1_203' title='bbox 499 3740 734 3829; x_wconf 81' lang='lat' dir='ltr'><strong>quovis</strong></span> <span class='ocrx_word' id='word_1_204' title='bbox 785 3740 1210 3812; x_wconf 87' lang='lat' dir='ltr'><strong>successionis</strong></span> <span class='ocrx_word' id='word_1_205' title='bbox 1262 3764 1416 3811; x_wconf 84' lang='lat' dir='ltr'><strong>casu</strong></span> <span class='ocrx_word' id='word_1_206' title='bbox 1469 3743 1828 3813; x_wconf 85' lang='lat' dir='ltr'><strong>observata</strong></span> <span class='ocrx_word' id='word_1_207' title='bbox 1878 3746 1962 3811; x_wconf 85' lang='lat' dir='ltr'><strong>sit</strong></span> <span class='ocrx_word' id='word_1_208' title='bbox 1986 3744 2021 3811; x_wconf 63' lang='lat' dir='ltr'><strong>‘t&#39;</strong></span> <span class='ocrx_word' id='word_1_209' title='bbox 2098 3745 2305 3826; x_wconf 79' lang='lat' dir='ltr'><strong>Quod</strong></span> <span class='ocrx_word' id='word_1_210' title='bbox 2356 3744 2567 3835; x_wconf 84' lang='lat' dir='ltr'><strong>igitur</strong></span> 
     </span>
     <span class='ocr_line' id='line_1_30' title="bbox 63 3859 2567 3953; baseline -0.002 -24"><span class='ocrx_word' id='word_1_211' title='bbox 63 3861 152 3929; x_wconf 87' lang='lat' dir='ltr'><strong>ad</strong></span> <span class='ocrx_word' id='word_1_212' title='bbox 205 3860 632 3951; x_wconf 85' lang='lat' dir='ltr'><strong>singulorum</strong></span> <span class='ocrx_word' id='word_1_213' title='bbox 684 3882 930 3953; x_wconf 84' lang='lat' dir='ltr'><strong>regu-m</strong></span> <span class='ocrx_word' id='word_1_214' title='bbox 980 3859 1238 3929; x_wconf 77' lang='lat' dir='ltr'><strong>adtinet</strong></span> <span class='ocrx_word' id='word_1_215' title='bbox 1290 3863 1775 3932; x_wconf 85' lang='lat' dir='ltr'><strong>successionem</strong></span> <span class='ocrx_word' id='word_1_216' title='bbox 1795 3913 1815 3948; x_wconf 84' lang='lat'>‚</span> <span class='ocrx_word' id='word_1_217' title='bbox 1866 3884 1997 3953; x_wconf 94' lang='lat' dir='ltr'><strong>per</strong></span> <span class='ocrx_word' id='word_1_218' title='bbox 2051 3861 2353 3933; x_wconf 84' lang='lat' dir='ltr'><strong>ordinem</strong></span> <span class='ocrx_word' id='word_1_219' title='bbox 2391 3883 2567 3929; x_wconf 85' lang='lat' dir='ltr'><strong>nnnc</strong></span> 
     </span>
    </p>
   </div>
   <div class='ocr_carea' id='block_1_8' title="bbox 63 3979 2567 4307">
    <p class='ocr_par' dir='ltr' id='par_1_11' title="bbox 63 3979 2567 4307">
     <span class='ocr_line' id='line_1_31' title="bbox 63 3979 1562 4049; baseline 0.001 0"><span class='ocrx_word' id='word_1_220' title='bbox 63 3979 534 4049; x_wconf 74' lang='lat' dir='ltr'><strong>tractabimuS.</strong></span> <span class='ocrx_word' id='word_1_221' title='bbox 1525 4010 1530 4015; x_wconf 92' lang='lat'><strong>·</strong></span> <span class='ocrx_word' id='word_1_222' title='bbox 1557 4011 1562 4015; x_wconf 54' lang='lat'><strong>⁴</strong></span> 
     </span>
     <span class='ocr_line' id='line_1_32' title="bbox 476 4095 1645 4165; baseline 0 0"><span class='ocrx_word' id='word_1_223' title='bbox 476 4095 543 4165; x_wconf 92' lang='grc' dir='ltr'><strong>Ι.</strong></span> <span class='ocrx_word' id='word_1_224' title='bbox 598 4096 1160 4165; x_wconf 80' lang='lat' dir='ltr'><strong>Hunerieus</strong></span> <span class='ocrx_word' id='word_1_225' title='bbox 1213 4096 1645 4165; x_wconf 53' lang='lat'><strong>4762-484.</strong></span> 
     </span>
     <span class='ocr_line' id='line_1_33' title="bbox 275 4214 2567 4307; baseline -0 -23"><span class='ocrx_word' id='word_1_226' title='bbox 275 4214 676 4284; x_wconf 83' lang='lat' dir='ltr'><strong>Gensericus</strong></span> <span class='ocrx_word' id='word_1_227' title='bbox 727 4238 1015 4307; x_wconf 81' lang='lat' dir='ltr'><strong>regnum</strong></span> <span class='ocrx_word' id='word_1_228' title='bbox 1037 4264 1056 4301; x_wconf 85' lang='grc'>,</span> <span class='ocrx_word' id='word_1_229' title='bbox 1112 4214 1476 4284; x_wconf 86' lang='lat' dir='ltr'><strong>secundum</strong></span> <span class='ocrx_word' id='word_1_230' title='bbox 1531 4214 2071 4285; x_wconf 86' lang='lat' dir='ltr'><strong>constitutionem</strong></span> <span class='ocrx_word' id='word_1_231' title='bbox 2126 4236 2311 4283; x_wconf 86' lang='lat' dir='ltr'><strong>snam</strong></span> <span class='ocrx_word' id='word_1_232' title='bbox 2332 4264 2353 4300; x_wconf 77' lang='lat'>‚</span> <span class='ocrx_word' id='word_1_233' title='bbox 2406 4216 2567 4283; x_wconf 63' lang='lat' dir='ltr'><strong>Hu«</strong></span> 
     </span>
    </p>
   </div>
   <div class='ocr_carea' id='block_1_9' title="bbox 65 4333 2565 4429">
    <p class='ocr_par' dir='ltr' id='par_1_12' title="bbox 65 4333 2565 4429">
     <span class='ocr_line' id='line_1_34' title="bbox 65 4333 2565 4429; baseline 0 -27"><span class='ocrx_word' id='word_1_234' title='bbox 65 4334 322 4419; x_wconf 86' lang='lat' dir='ltr'><strong>nerico,</strong></span> <span class='ocrx_word' id='word_1_235' title='bbox 379 4333 525 4401; x_wconf 84' lang='lat' dir='ltr'><strong>filio</strong></span> <span class='ocrx_word' id='word_1_236' title='bbox 575 4343 737 4403; x_wconf 89' lang='lat' dir='ltr'><strong>natu</strong></span> <span class='ocrx_word' id='word_1_237' title='bbox 771 4336 1060 4404; x_wconf 82' lang='lat' dir='ltr'><strong>maximo</strong></span> <span class='ocrx_word' id='word_1_238' title='bbox 1097 4334 1411 4425; x_wconf 86' lang='lat' dir='ltr'><strong>reliquit:</strong></span> <span class='ocrx_word' id='word_1_239' title='bbox 1471 4333 1905 4429; x_wconf 69' lang='grc' dir='ltr'><strong>,,“Ονιὐριχος</strong></span> <span class='ocrx_word' id='word_1_240' title='bbox 1951 4334 2018 4404; x_wconf 70' lang='grc' dir='ltr'><strong>δὲ</strong></span> <span class='ocrx_word' id='word_1_241' title='bbox 2066 4335 2096 4403; x_wconf 88' lang='grc' dir='ltr'>ὁ</span> <span class='ocrx_word' id='word_1_242' title='bbox 2143 4338 2275 4403; x_wconf 76' lang='grc' dir='ltr'><strong>τῶν</strong></span> <span class='ocrx_word' id='word_1_243' title='bbox 2316 4334 2565 4403; x_wconf 76' lang='grc' dir='ltr'>ἐκείνου</span> 
     </span>
    </p>
   </div>
  </div>
 </body>
</html>
